2453 3070
719 216 743 255 ὅ
766 214 885 266 φόνος
906 206 954 267 ἦν
979 211 1024 255 ὃν
1042 205 1200 267 Ἀργολὶς
1223 216 1298 266 ἔχει
1321 216 1444 267 πάτρα

719 272 815 311 τότε
836 272 920 320 μὲν
943 273 1307 321 περισαμότατος
1329 273 1404 311 καὶ
1425 272 1605 323 ἄριστος

717 325 867 367 Ἑλλάδι
887 329 959 367 τῶν
981 330 1131 368 Δαναοῦ
1152 329 1303 368 παιδῶν.

498 373 747 421 Ῑοιι.1465.δ
767 396 807 421 a
827 386 1021 432 ramme
1045 384 1165 431 δόμος
1185 384 1311 423 οὐκέτι
1331 383 1442 423 νύκτα
1472 398 1474 400 ·

158 442 194 473 et
214 437 305 473 alibi:
332 447 397 474 eos
422 448 543 477 omnes
567 443 773 487 anapaestos
796 439 1044 478 &numeras
1058 436 1236 495 continere
1247 446 1417 494 testantur
1428 441 1561 477 dimetri
1573 440 1771 485 quibuscum
1788 438 1987 486 plerumque
2000 441 2170 477 coniuncti
2183 446 2261 477 sunt

158 494 270 557 cycni,
293 494 394 529 huius
418 494 602 531 mensurae
625 520 693 537 υ,
716 511 774 533 -0,
796 522 864 539 w„
887 526 945 533 ..-
967 523 996 539 υ
1020 513 1077 532 -ο,
1102 509 1159 533 ,υ-
1181 523 1255 536 -,,.
1291 491 1341 533 sic
1363 497 1398 532 in
1421 496 1489 532 hoc
1510 495 1601 532 lonis
1625 505 1756 531 commo
1779 495 1866 532 infra
1889 497 2050 544 leguntur
2074 507 2214 533 versus·

837 549 1000 599 δεκάτῳ
1025 551 1079 587 δέ
1100 561 1146 588 σε
1152 551 1309 617 ,μηνός
1331 550 1379 588 ἐν
1401 549 1548 598 κύκλῳ

838 603 998 654 κρύφιον
1022 604 1123 642 &ew
1149 604 1271 644 ἓεεκαν
1295 607 1435 655 Φοίβῳ.

158 668 227 695 non
250 669 332 695 raro
357 660 432 707 ipsa
457 663 558 697 etiam
582 662 790 709 pentapodia
814 662 1230 710 anapaesto-logaoedica
1254 667 1309 699 est
1330 667 1369 699 ιιι
1392 664 1426 699 in
1448 662 1622 710 Iphigenia
1647 662 1790 698 Taurica
1813 650 1895 699 884.

885 714 1044 766 πότερον
1065 715 1155 754 κατιὶ
1178 719 1328 765 χέρσον,
1353 715 1438 763 οὐχὶ
1459 717 1531 753 ναΐ.

158 768 324 811 iambicae
347 771 448 807 etiam
472 781 653 808 mensurae
677 777 757 809 sunt
780 773 913 810 dimetri
936 775 1145 820 anapaestici
1179 774 1302 819 quibus
1326 774 1526 810 subiunctus
1550 777 1603 808 est
1621 773 1807 819 spondeus,
1826 783 2026 818 quamquam
2043 773 2072 809 is
2093 773 2261 808 interdum

160 830 302 871 superat
331 831 491 871 quattuor
519 839 691 865 morarum
723 831 877 875 spatium.
927 830 1050 864 eodem
1080 834 1194 864 autem
1217 830 1400 875 pertinent,
1425 831 1489 865 nisi
1513 829 1629 873 fallor,
1653 829 1922 875 ischyorrhogici
1945 838 2033 873 quos
2058 828 2143 863 God.
2167 829 2260 863 Her·

102 918 108 924 ,
161 890 305 916 mannus
333 883 472 917 vocavit
500 883 610 920 iambi.
660 884 789 931 cyclius
813 886 903 920 enim
926 889 1131 930 anapaestus
1163 885 1209 919 ita
1234 885 1425 920 metiendus
1448 887 1553 920 εει“-’
1537 904 1552 932 1
1579 888 1615 939 ¹7⁴
1646 885 1700 930 Γ
1666 903 1698 938 «4
1737 885 1887 919 continet
1917 880 2081 930 χρόνους·
2109 881 2261 929 βραχύν,

162 935 326 981 βραχέως
341 934 576 983 βραχύτερον,
601 936 747 984 ἄλογον,
771 940 975 976 irrationalis
1000 943 1113 975 autem
1135 940 1265 975 iambus
1291 949 1342 985 ιν,
1370 940 1428 986 ι’ῖ,
1451 944 1509 975 aut
1532 940 1720 976 secundum
1742 939 1985 975 Aristoxenum
2009 938 2065 985 1¹7,
2106 947 2156 982 2,
2181 935 2262 974 ἄλο-

159 1000 227 1034 γον
256 995 292 1026 et
319 991 494 1039 δίοημον,
524 997 562 1029 ιιι
588 995 785 1030 retardetur
812 995 1018 1040 aliquantum
1046 996 1178 1030 numeri
1207 995 1383 1032 velocitas.
1437 999 1639 1058 argumento
1670 999 1766 1029 certe
1796 999 1831 1029 et
1859 994 1972 1029 indole
2000 999 2037 1029 ut
2066 994 2200 1029 iambici
2229 994 2262 1028 hi

162 1055 285 1081 versus
300 1047 459 1085 sinu’llimi
482 1053 562 1084 sunt
589 1050 707 1095 cycliis
738 1051 943 1096 anapaestis,
970 1051 1014 1085 ita
1047 1060 1207 1086 mensura
1236 1051 1336 1086 iambi
1357 1051 1513 1097 spondeo
1537 1051 1673 1096 saepius
1704 1050 1850 1085 admisso
1872 1050 2011 1096 propius
2035 1054 2260 1086 accesserunt

162 1100 205 1136 ad
229 1106 448 1148 anapaestos,
474 1106 652 1150 anapaesti
674 1110 746 1140 tres
770 1116 884 1142 moras
908 1107 1123 1141 continentes
1148 1107 1191 1141 ad
1215 1107 1356 1142 iambos.

330 1157 428 1194 Licet
456 1160 559 1206 igitur
586 1161 787 1197 tradiderint
814 1166 954 1197 veteres
984 1172 1064 1197 esse
1092 1161 1253 1206 μέγεθος
1282 1159 1531 1208 εἶκοσάσημον
1559 1161 1700 1209 generis
1725 1162 1926 1207 sescuplicis
1956 1172 2149 1206 numerum,
2173 1162 2205 1196 h.
2231 1173 2261 1196 e.

162 1216 323 1249 constare
347 1225 393 1250 ex
417 1215 560 1262 dactylis
589 1222 648 1252 aut
671 1218 866 1264 anapaestis
891 1218 1056 1263 quinque,
1080 1222 1117 1253 ut
1140 1218 1247 1253 thesis
1277 1218 1483 1259 (secundum
1514 1218 1683 1263 antiquam
1714 1217 1961 1260 definitionem)
1987 1219 2160 1253 contineat
2189 1222 2261 1253 tres

162 1269 271 1314 pedes
296 1270 369 1305 sive
393 1271 573 1308 duodecim
595 1283 722 1319 moras,
746 1274 833 1309 arsis
863 1274 949 1310 duos
979 1274 1087 1320 pedes
1124 1274 1197 1309 sive
1222 1285 1336 1310 moras
1360 1278 1453 1318 octo,
1477 1285 1509 1308 v.
1534 1273 1657 1309 Rossb.
1683 1273 1857 1319 Wesstph.
1883 1274 1904 1308 l.
1921 1274 1942 1309 l.
1966 1274 1990 1309 1.
2014 1286 2047 1319 p.
2064 1274 2120 1309 63.
2152 1274 2261 1319 suppl.

162 1335 194 1370 p.
220 1324 317 1361 161.:
342 1329 559 1373 anapaestica
589 1333 702 1364 tamen
726 1331 948 1375 pentapodia,
974 1340 1063 1374 quae
1093 1330 1228 1374 quidem
1253 1331 1444 1365 contineret
1472 1329 1590 1375 viginti
1622 1339 1754 1373 moras,
1783 1330 1904 1375 tragici
1933 1330 1987 1364 usi
2010 1340 2090 1365 esse
2114 1340 2183 1364 non
2206 1330 2262 1363 vi-

164 1379 300 1416 dentur.
367 1383 509 1419 eosdem
544 1385 703 1430 suspicor
737 1385 941 1421 abstinuisse
976 1385 1123 1431 tripodia
1158 1386 1345 1421 acatalecta
1378 1389 1518 1430 praeter
1551 1385 1702 1430 cycliam.
1770 1389 1805 1418 et
1845 1385 1979 1429 priores
2016 1385 2151 1428 quidem
2185 1395 2264 1419 esse

163 1440 276 1472 aetate
300 1439 525 1483 prosodiacos
548 1443 765 1486 tetrasemos,
790 1442 1002 1487 posteriores
1025 1441 1154 1487 cyclios
1178 1441 1243 1475 iam
1268 1441 1427 1476 dixerunt
1450 1440 1635 1475 Rossbach.
1662 1443 1697 1474 et
1723 1438 1877 1485 Westph.
1903 1440 1924 1475 l.
1950 1440 1971 1475 l.
1995 1439 2048 1475 111.
2073 1451 2105 1487 p.
2130 1439 2187 1475 85.
2206 1439 2261 1475 86.

163 1500 282 1529 omnes
312 1504 397 1530 vero
429 1495 636 1533 acatalectas
670 1497 835 1544 tripodias
859 1497 1097 1544 anapaesticas
1127 1496 1235 1533 fuisse
1270 1498 1405 1543 cyclias
1433 1497 1550 1531 testari
1580 1497 1680 1530 etiam
1710 1496 1868 1529 videntur
1897 1497 1954 1540 qui
1982 1496 2107 1531 breves
2136 1506 2263 1541 proso-

163 1547 337 1584 diacorum
361 1551 508 1596 syllabas
530 1553 565 1587 in
587 1553 708 1600 longas
732 1553 933 1590 coalescere
957 1556 1173 1600 negaverunt
1196 1556 1336 1588 veteres
1361 1552 1588 1599 grammatici:
1619 1551 1716 1586 cuius
1740 1550 1882 1597 regulae
1907 1561 2062 1587 caussam
2091 1562 2171 1587 esse
2195 1552 2262 1588 do-

164 1604 234 1639 cuit
261 1603 452 1642 Rossbach.
482 1607 517 1642 in
544 1608 613 1644 ind.
643 1608 750 1644 schol.
781 1613 867 1645 aest.
895 1609 1029 1649 Vratisl.
1055 1619 1085 1644 a.
1118 1607 1218 1643 185⁷.
1251 1609 1342 1653 quod
1372 1610 1405 1643 in
1434 1608 1550 1653 cycliis
1580 1607 1774 1652 anapaestis
1803 1607 1939 1641 omnino
1969 1618 2039 1642 non
2070 1608 2265 1642 coalescant

164 1658 293 1695 breves
316 1662 397 1697 ideo
421 1673 466 1697 ne
490 1664 524 1697 in
547 1664 760 1709 prosodiacis
787 1664 922 1709 quidem
946 1664 1062 1710 cycliis
1093 1663 1284 1710 spondeum
1308 1664 1390 1710 poni
1418 1673 1482 1709 pro
1512 1666 1716 1709 anapaesto,
1747 1661 1872 1697 factum
1902 1666 2014 1698 autem
2037 1662 2107 1698 hoc·
2127 1673 2207 1699 esse
2231 1664 2264 1698 in

163 1718 367 1753 tetrasemis.
416 1718 446 1754 si
469 1720 599 1765 cyclios
623 1724 831 1765 anapaestos
855 1720 935 1756 dicit
958 1721 1153 1766 quicunque
1186 1730 1229 1755 eo
1255 1730 1357 1764 quem
1386 1719 1629 1764 explicavimus
1659 1718 1762 1753 modo
1786 1718 1947 1753 metiendi
1971 1723 2067 1763 sunt,
2098 1719 2184 1754 haec
2207 1720 2263 1754 vi—

164 1770 266 1806 detur
289 1772 375 1808 falsa
405 1775 519 1820 opinio
549 1785 652 1818 esse,
684 1776 944 1811 concedendum
972 1786 1058 1811 vero
1090 1775 1187 1811 aliam
1218 1775 1370 1811 celerum
1400 1774 1584 1821 cycliorum
1616 1784 1696 1810 esse
1726 1774 1893 1809 rationem
1921 1775 2039 1811 iambis
2068 1776 2264 1822 propiorum

165 1827 262 1863 aliam
290 1830 445 1876 gravium
475 1831 663 1867 iamborum
693 1833 886 1878 anapaestis
919 1836 954 1867 et
982 1832 1144 1878 spondeis
1173 1833 1383 1877 propiorum.
1432 1835 1469 1866 et
1497 1831 1540 1865 ad
1568 1831 1648 1865 illud
1677 1830 1829 1864 celerum
1857 1840 2020 1865 versuum
2048 1841 2160 1877 genus
2190 1832 2263 1867 sine

166 1882 268 1918 dubio
291 1885 468 1921 referendi
491 1891 570 1922 sunt
592 1887 787 1933 prosodiaci
808 1888 882 1924 sive
904 1888 1065 1935 glyconei
1088 1888 1123 1924 in
1148 1888 1241 1924 initio
1266 1887 1433 1923 habentes
1458 1886 1650 1931 anacrusin,
1675 1886 1732 1931 qui
1748 1885 1922 1921 rarissime
1946 1886 2119 1922 admittunt
2141 1888 2175 1922 in
2199 1888 2265 1923 fine

165 1940 355 1986 spondeum
384 1953 449 1989 pro
477 1943 605 1979 iambo:
635 1944 738 1980 multo
767 1944 868 1980 etiam
897 1945 1009 1979 rarior
1038 1944 1213 1990 spondeus
1245 1948 1298 1978 est
1326 1954 1389 1989 pro
1422 1942 1574 1988 dactylo,
1600 1952 1667 1987 quo
1692 1941 1783 1977 facto
1809 1942 1842 1976 hi
1865 1952 1989 1978 versus
2013 1947 2166 1978 naturam
2188 1944 2264 1979 fere

165 1995 369 2032 videbantur
398 2000 563 2034 amisisse.
611 2010 643 2034 v.
672 1999 788 2034 Herm.
818 2000 861 2034 el.
887 1999 919 2034 d.
948 2010 992 2034 m.
1022 2010 1055 2046 p.
1086 1998 1166 2034 545.
1197 1998 1320 2034 Rossb.
1352 2003 1388 2033 et
1415 1997 1571 2043 Westph.
1602 1998 1624 2033 l.
1656 1997 1677 2033 1.
1710 2008 1743 2044 p.
1772 1996 1853 2032 493.
1878 2007 1953 2042 sqq.
2000 1997 2035 2032 in
2058 1999 2266 2046 tragicorum

165 2054 262 2086 certe
290 2055 485 2099 systematis
514 2055 739 2101 anapaesticis
767 2056 961 2091 tetrasemis
997 2054 1123 2090 nullum
1154 2055 1261 2090 credo
1296 2055 1412 2090 inesse
1447 2054 1686 2099 prosodiacum
1715 2054 1938 2088 acatalectum
1969 2058 2107 2098 praeter
2135 2065 2264 2101 proce-

165 2106 383 2145 leusmaticos
398 2114 401 2118 '
419 2111 496 2145 illos
524 2110 746 2157 Euripideos,
782 2121 869 2156 quos
902 2111 968 2146 alio
999 2111 1100 2146 modo
1138 2110 1235 2146 feriri
1265 2121 1335 2146 non
1370 2119 1475 2156 posse
1507 2109 1739 2144 demonstravi
1768 2109 1959 2153 eodemque
1997 2110 2098 2144 modo
2129 2112 2265 2146 metitur

165 2161 334 2210 Bergkius
357 2165 379 2200 1.
403 2166 426 2201 l.
450 2170 486 2201 et
508 2176 595 2211 quos
618 2154 706 2202 hanc
730 2166 775 2202 ob
800 2158 957 2202 caussam
980 2176 1088 2212 pausa
1112 2166 1225 2202 addita
1250 2171 1413 2212 quattuor
1436 2163 1608 2200 morarum
1639 2174 1742 2209 pares
1772 2174 1853 2199 esse
1883 2164 2085 2198 crediderim
2115 2166 2265 2202 dimetris

167 2244 237 2259 w..
264 2234 336 2273 00
364 2246 392 2262 υ
406 2247 435 2263 u
464 2237 533 2263 ύψ
562 2247 632 2263 uu
659 2237 730 2263 φ»,
753 2214 822 2276 ὤ,
850 2226 889 2257 ιιι
919 2231 1024 2267 supra
1054 2221 1253 2268 significavi.
1308 2222 1343 2256 in
1382 2219 1577 2266 Iphigeniae
1614 2219 1780 2254 Tauricae
1815 2228 1921 2253 versu
1958 2215 2079 2253 ἔτεκεν
2113 2217 2265 2267 ἔτρεφεν

166 2258 351 2319 εὐκταίαν,
382 2269 428 2311 ἂν
458 2280 537 2312 ante
566 2274 732 2313 εὐκταίαν
755 2277 976 2313 inserendum
999 2276 1134 2312 videtur
1159 2286 1237 2311 cum
1260 2275 1446 2321 Koechlyo.
1495 2279 1530 2309 et
1554 2272 1658 2319 οἴμοι
1680 2273 1850 2320 φροῦδος
1872 2273 1983 2317 γέννα
2010 2278 2108 2309 recte
2131 2276 2265 2313 videtur

165 2328 379 2367 Hennannus
402 2335 535 2368 mutare
558 2333 592 2368 in
615 2332 868 2379 paroemiacum
891 2330 1061 2377 οἶμοιμοῖ
1082 2343 1144 2377 φρ.
1169 2342 1198 2375 y.
1222 2332 1274 2367 his
1298 2332 1403 2379 igitur
1426 2330 1544 2377 paucis
1568 2330 1653 2366 locis
1676 2330 1726 2365 uti
1749 2329 1861 2376 possis
1892 2328 1935 2364 ad
1959 2325 2170 2375 probandum
2198 2335 2263 2370 tri-

165 2385 301 2431 podiam
318 2388 539 2424 acatalectam
555 2392 775 2425 tetrasemam
794 2387 972 2424 admisisse
989 2388 1140 2435 tragicos
1156 2391 1290 2433 poetas.
1340 2398 1428 2433 quae
1446 2397 1532 2422 vero
1548 2390 1730 2433 praeterea
1747 2385 1907 2421 adferunt
1923 2384 2044 2422 Rossb.
2062 2391 2098 2422 et
2108 2387 2263 2436 Westph.

167 2443 325 2489 exempla
353 2445 575 2491 tripodiarum
597 2445 692 2481 Pers.
717 2444 798 2481 964.
832 2454 907 2490 sqq.
940 2447 976 2479 et
998 2443 1068 2490 lph.
1095 2443 1196 2478 Taur.
1220 2442 1300 2478 875.
1332 2453 1408 2489 sqq.
1440 2453 1558 2478 earum
1586 2442 1719 2489 priores
1750 2451 1814 2488 pro
1845 2441 1961 2487 cycliis
1992 2442 2057 2478 iam
2086 2443 2200 2481 habuit
2224 2447 2263 2482 G.

166 2496 380 2536 Hermannus
405 2501 447 2536 el.
473 2501 505 2537 d.
529 2513 572 2537 m.
597 2512 630 2548 p.
655 2500 755 2547 41⁷„
787 2501 831 2538 de
859 2500 1131 2552 posterioribus,
1161 2510 1250 2546 quae
1281 2500 1450 2536 admixtae
1475 2503 1554 2535 sunt
1576 2498 1739 2535 dochmiis
1772 2499 2169 2546 anapaesto-logaoedis
2194 2503 2264 2539 aliis

170 2556 336 2601 numeris,
360 2567 462 2594 nemo
485 2557 660 2594 dubitabit.

878 2712 1553 2761 &steen——
