2989 3302
702 627 812 688 De
850 626 1185 704 Euripidis
1224 623 1554 686 versibus
1575 618 2043 701 anapaesticis.

1351 844 1393 893 Ι.

329 943 573 984 Rutupiae-
596 947 747 976 ηοω
772 951 860 983 pr·
886 944 1150 981 argu-nenti
1178 944 1364 975 nnio-e
1389 942 1535 980 entit-
1567 943 1929 981 ann-munn-
1953 941 2127 979 duplex
2154 947 2288 978 anun,
2314 940 2426 973 lade

501 994 610 1023 ort·
635 991 882 1023 divor-tto·
907 993 1206 1028 system-tum
1226 990 1548 1027 leniti-orum
1574 992 1621 1020 et
1649 988 1924 1019 llberos-u·-
1949 987 2213 1024 lectu-u-
2229 989 2428 1026 ayne-

498 1037 847 1079 mle-m
866 1039 1053 1070 eon-tn
1072 1044 1128 1068 ex
1146 1037 1373 1076 diaeta-ln,
1392 1037 1450 1068 de
1468 1035 1773 1070 ..ο-..σιτία
1799 1033 1916 1072 qnid
1940 1034 2004 1066 nit
2028 1034 2345 1068 meuc-du..
2370 1035 2428 1067 de

499 1085 600 1125 lph-
618 1085 726 1117 ΔιιΙ.
745 1085 875 1117 1-480
895 1085 1098 1116 ίιῖ-Ιῦδ.
1117 1086 1293 1118 rhoen.
1312 1085 1532 1117 noa-¹08.
1552 1083 1805 1115 nonnulla·

330 1171 528 1247 Euripides
557 1209 632 1235 cum
662 1198 729 1234 h'oc
756 1200 874 1236 seculo
905 1199 1089 1245 praecipue
1122 1199 1323 1235 exercuerit
1351 1203 1584 1244 exerceatque
1613 1198 1766 1233 homines
1797 1198 1918 1233 doctos
1951 1197 2134 1241 inferiore,
2175 1206 2277 1243 quam
2301 1203 2428 1234 vocant

330 1261 404 1293 arte
428 1256 544 1292 critica
566 1264 637 1290 non
660 1254 768 1290 minus
798 1265 898 1300 quam
922 1255 1062 1299 altiore,
1100 1264 1213 1300 neque
1242 1254 1431 1300 defuerint,
1461 1255 1518 1300 qui
1546 1254 1788 1301 praestantiam
1817 1257 1853 1288 et
1882 1256 1992 1291 artem
2020 1256 2147 1299 poetae
2176 1252 2426 1302 defendendam

318 1313 557 1359 susciperent,
580 1310 712 1346 scilicet
734 1311 837 1357 longe
862 1315 1039 1358 praestare
1063 1310 1258 1357 Euripidem
1283 1310 1443 1357 Sophocli
1466 1315 1502 1345 et
1523 1309 1710 1355 Aeschylo,
1735 1302 1916 1344 dummodo
1940 1312 2147 1356 purgaretur
2171 1309 2214 1344 ab
2230 1310 2426 1357 interpola·-

328 1368 494 1411 tionibus:
525 1366 646 1412 hodie,
678 1366 817 1413 opinor,
848 1368 981 1414 experti
1010 1366 1128 1402 falsam
1159 1371 1338 1413 utramque
1366 1367 1502 1403 nimium
1530 1366 1737 1402 laudantium
1768 1369 1804 1400 et
1831 1365 1967 1400 nimium
1991 1366 2252 1411 vituperantium
2275 1370 2422 1403 senten-

329 1426 408 1461 tiam
439 1433 559 1460 0mnes
590 1422 665 1458 fere
694 1423 871 1458 redierunt
901 1423 944 1458 ad
973 1434 1111 1467 verum,
1136 1423 1226 1468 quod
1255 1423 1403 1458 medium
1432 1427 1543 1467 tenet,
1567 1421 1762 1458 Aristotelis
1785 1421 1961 1457 iudicium:
1990 1418 2204 1470 Εὐριπίδης
2230 1421 2265 1458 εἰ
2293 1422 2356 1458 καὶ
2382 1422 2427 1460 τὰ

330 1478 426 1516 ἄλλα
453 1478 505 1527 μή
527 1467 571 1515 εὖ
594 1477 803 1523 οἰκονομεῖ,
829 1475 924 1514 ἀλλὰ
947 1474 1207 1524 τραγικώτατός
1228 1489 1268 1523 γε
1291 1480 1363 1514 ταῖν
1387 1480 1553 1527 πονητῶν
1577 1477 1747 1524 φαίνεται
1768 1480 1845 1524 (po.
1871 1475 1944 1519 13).
1969 1478 2173 1513 oeconomia
2196 1478 2301 1525 igitur
2324 1479 2427 1515 totius

327 1536 464 1573 fabulae
487 1538 669 1581 superatur
692 1534 734 1569 ab
750 1534 927 1580 Aeschylo
950 1538 986 1569 et
1009 1545 1029 1569 a
1045 1534 1215 1580 Sophocle
1238 1545 1406 1581 superans
1423 1539 1603 1579 utrumque
1628 1533 1800 1579 pingendo
1823 1533 1995 1569 hominum
2018 1543 2134 1568 mores
2158 1538 2195 1568 et
2214 1535 2362 1580 ingenia.
2388 1540 2425 1570 et

327 1591 410 1627 fecit
433 1591 605 1634 homines,
636 1594 672 1625 ut
702 1590 850 1625 debehat
880 1590 913 1624 in
943 1589 1137 1637 tragoedia,
1168 1594 1350 1626 versantes
1380 1590 1415 1625 in
1442 1589 1686 1625 calamitatibus
1715 1599 1828 1634 neque
1851 1589 2030 1634 meliores,
2060 1589 2138 1635 quia
2168 1590 2218 1626 sic
2243 1600 2313 1627 non
2333 1596 2429 1628 metu

303 1653 309 1658 '
327 1647 626 1692 misericordiaque
650 1656 867 1682 moveremur
890 1647 952 1681 sed
976 1647 1114 1693 indigne
1138 1646 1328 1691 terremus,
1351 1657 1465 1691 neque
1489 1647 1640 1692 peiores,
1665 1656 1743 1680 nam
1765 1647 1840 1681 iure
1854 1646 2059 1691 >punitorum
2082 1647 2222 1682 miseret
2244 1648 2425 1693 neminen,

328 1705 409 1749 sed,
439 1703 530 1750 quod
559 1702 706 1737 medium
734 1706 806 1746 est,
837 1706 1068 1748 spectatorum
1097 1703 1256 1748 ipsorum
1278 1702 1415 1738 similes.
1462 1697 1735 1738 haec‘videntur
1764 1701 1980 1748 comprobari
2010 1702 2080 1747 eis,
2110 1712 2199 1748 quae
2230 1703 2425 1751 diligentis-

328 1761 413 1796 sime
443 1764 480 1795 et
510 1758 731 1806 sagacissime
761 1758 853 1806 docti
880 1758 1033 1793 homines
1063 1756 1336 1793 observaverunt
1369 1758 1413 1794 de
1444 1759 1579 1793 dicendi
1609 1769 1743 1804 genere
1773 1763 1809 1793 et
1837 1759 1882 1793 de
1914 1759 2031 1794 metris
2059 1758 2262 1804 Euripideis.
2298 1761 2425 1795 etenim

327 1815 473 1864 egregie
500 1818 607 1849 artem
636 1824 714 1849 cum
745 1813 954 1860 ingenuitate
984 1813 1144 1849 cotidiani
1168 1813 1337 1858 sermonis
1366 1814 1631 1861 coniungentem
1653 1813 1807 1850 admirati
1830 1817 1909 1851 sunt
1933 1818 1968 1850 et
1990 1813 2106 1850 imitati
2129 1815 2286 1851 certatim
2309 1817 2426 1863 opti-i

329 1871 540 1909 Graecorum
564 1874 600 1906 et
623 1869 852 1905 Romanorum
876 1871 1077 1916 scriptores,
1101 1871 1252 1915 quamvis
1276 1871 1506 1906 trimetrorum
1532 1871 1750 1906 severitatem
1779 1881 1854 1906 eam
1881 1872 1990 1916 ipsam
2019 1871 2064 1905 ob
2093 1881 2252 1907 caussam
2278 1873 2425 1908 relaxa-

327 1928 418 1965 verit
444 1926 638 1974 paullulum.
667 1926 747 1971 quid
771 1925 863 1971 quod
892 1926 1093 1961 oeconomia
1117 1925 1305 1962 fabularum
1329 1927 1487 1974 neglecta
1510 1926 1716 1973 conspicitur
1739 1926 1841 1962 etiam
1864 1927 1899 1962 in
1923 1936 1980 1971 eo,
2003 1926 2096 1972 quod
2118 1927 2264 1963 maxime
2288 1938 2423 1975 expro-

326 1984 429 2021 brant
453 1982 619 2029 Euripidi,
650 1982 742 2027 quod
770 1982 865 2018 chori
895 1983 1045 2029 carmina
1072 1983 1231 2017 breviora
1256 1983 1553 2029 neglegenterque
1576 1982 1671 2027 fere,
1699 1988 1738 2018 ut
1765 1983 1883 2019 volunt
1907 1982 2059 2028 quidam,
2087 1984 2275 2030 composita
2304 1994 2423 2031 parum

327 2039 510 2077 conferunt
531 2038 575 2074 ad
598 2049 682 2085 rem.
708 2039 943 2073 oeconomiam
968 2039 1057 2073 enim
1080 2038 1146 2074 nisi
1170 2048 1217 2074 ex
1238 2041 1310 2074 tota
1333 2038 1446 2075 fabula
1469 2049 1539 2075 non
1569 2040 1736 2086 cognosci
1765 2039 1823 2084 qui
1852 2039 2084 2084 contenderit,
2113 2050 2191 2075 eum
2221 2050 2423 2077 commone-

327 2095 454 2132 fecisse
480 2093 627 2130 sufficiet
659 2093 932 2139 Aeschyleorum
962 2098 998 2129 et
1026 2093 1294 2140 Sophocleorum
1322 2095 1525 2139 carminum,
1555 2105 1652 2140 qnae¹
1674 2096 1718 2130 ad
1746 2095 1839 2140 ipsas
1869 2105 1958 2140 quae
1988 2097 2174 2131 secuturae
2201 2100 2281 2131 sunt
2307 2106 2424 2134 rerum

327 2150 608 2187 commutationes
636 2145 842 2195 praeparant
870 2150 967 2195 quasi
996 2150 1126 2185 animos
1155 2149 1357 2186 auditorum.
1388 2151 1453 2186 sed
1483 2150 1575 2196 quod
1604 2161 1788 2197 perperam
1815 2160 1882 2185 nec
1905 2154 2035 2194 tamen,
2058 2155 2096 2186 ut
2119 2151 2273 2196 videtur,
2292 2152 2422 2192 inscius

327 2206 476 2244 detraxit
497 2205 636 2241 canticis
661 2205 806 2240 choricis
830 2215 935 2240 curae
960 2209 996 2240 et
1011 2205 1217 2252 diligentiae,
1240 2205 1274 2241 id
1293 2210 1400 2241 totum
1424 2207 1551 2242 addidit
1573 2207 1828 2243 accuratissime
1860 2206 2083 2253 depingendis
2115 2216 2341 2252 personarum
2362 2210 2421 2245 in-

326 2262 437 2315 geniis
462 2265 497 2297 et
520 2261 671 2296 moribus
694 2261 759 2305 ita,
783 2265 821 2296 ut
844 2261 1022 2297 excoleret
1045 2261 1154 2309 magis
1182 2262 1359 2309 magisque
1388 2262 1566 2298 monodias
1590 2265 1625 2298 et
1648 2272 1810 2299 commos.
1835 2272 1913 2297 nam
1940 2262 2117 2299 monodias
2140 2263 2232 2310 apud
2255 2253 2419 2313 Aeschy—

325 2320 394 2356 lum
417 2317 688 2365 Sophoclemque
712 2317 788 2352 fere
812 2317 921 2353 nullas
946 2318 1068 2362 habes,
1099 2328 1250 2354 commos
1271 2317 1464 2365 Aeschylus
1487 2324 1526 2355 ut
1549 2319 1687 2354 chorica
1712 2320 1861 2355 carmina
1884 2318 2029 2354 faciebat
2052 2320 2135 2355 satis
2157 2330 2318 2366 magnos,
2347 2323 2418 2358 So-

325 2373 483 2422 phoctes,
507 2374 565 2420 qui
586 2374 702 2409 minuit
725 2373 875 2419 chonca,
896 2374 934 2421 ‘in
958 2373 1127 2420 prioribus
1154 2373 1274 2410 fabulis
1298 2375 1452 2411 minimos
1467 2374 1590 2420 habet,
1613 2376 1761 2411 maiores
1784 2376 1819 2411 in
1841 2375 2089 2421 posterioribus
2112 2375 2250 2412 videtur
2270 2387 2418 2425 compo-

326 2431 437 2468 suisse
462 2431 504 2465 ad
529 2430 684 2476 exempla
708 2430 894 2476 Euripidis,
925 2440 1025 2475 quem
1049 2431 1114 2465 iam
1138 2430 1281 2467 diximus
1306 2431 1401 2467 chori
1424 2431 1573 2467 carmina
1596 2432 1705 2479 magis
1727 2432 1829 2468 etiam
1851 2441 1953 2477 quam
1967 2431 2170 2477 Sophoclem
2185 2435 2419 2478 attenuav‘noe

325 2486 463 2526 auxisse
487 2496 649 2535 commos.
673 2486 723 2521 sic
746 2485 820 2520 fere
851 2486 991 2536 dixerim
1023 2486 1164 2521 consilio
1193 2486 1399 2531 formamet
1426 2491 1536 2531 metra
1565 2488 1750 2533 poematis,
1781 2487 1897 2523 metris
1924 2490 1961 2521 et
1988 2486 2097 2522 forma
2125 2487 2301 2524 consilium
2325 2490 2418 2537 fingi.

326 2541 406 2588 quid
434 2541 561 2577 multa?
613 2542 808 2587 Euripidem
831 2545 973 2587 propter
996 2545 1181 2577 metrorum
1203 2543 1457 2589 neglegentiam
1480 2542 1682 2588 castigatum
1706 2542 1748 2577 ab
1771 2541 1959 2577 hominibus
1983 2542 2105 2587 doctis,
2129 2543 2186 2587 qui
2207 2543 2417 2591 Aristopha-

322 2597 377 2650 nis
400 2597 556 2647 iudicium
581 2597 734 2644 cupidius
759 2596 998 2643 arripuissent,
1028 2597 1222 2644 Euripidem
1253 2598 1331 2643 dico
1359 2602 1468 2634 metra
1496 2598 1640 2634 maxima
1668 2608 1746 2634 cum
1773 2607 1856 2633 cura
1879 2596 2029 2644 elegisse
2053 2601 2090 2633 et
2111 2604 2314 2645 argumento
2337 2607 2418 2648 apta

323 2654 513 2702 reddidisse
538 2653 690 2698 quamvis
715 2652 906 2699 diligenter,
929 2653 1011 2688 utin
1026 2652 1125 2690 huius
1141 2664 1278 2700 quoque
1293 2658 1420 2700 poetae
1443 2652 1572 2697 fabulis,
1585 2654 1666 2689 insit
1689 2653 1897 2689 concinnitas
1913 2651 2039 2694 εἴδους
2054 2654 2151 2698 quasi
2166 2658 2206 2690 et
2219 2649 2323 2704 ὅλης,
2347 2667 2417 2703 ῃ.

236 2717 249 2742 ⁸
327 2704 498 2747 e'xcellmt
527 2712 564 2743 et
591 2708 762 2744 delectant
790 2718 996 2744 summorum
1036 2706 1217 2754 poetarum
1247 2708 1693 2768 Graecorum,3carmina*).
1722 2709 1789 2744 hoc
1814 2708 1850 2744 in
1879 2708 2045 2745 monodiis
2081 2713 2117 2746 et
2140 2708 2418 2756 hypomn-nn·-

470 2805 518 2862 ᾖ.)
539 2805 586 2836 Cf.
612 2804 798 2848 Bernhardy
822 2808 853 2839 h.
880 2809 900 2839 1.
921 2818 949 2848 g.
969 2809 997 2839 2
1017 2809 1046 2839 2.
1068 2818 1096 2850 p.
1115 2809 1180 2839 355.
1210 2810 1260 2840 die
1286 2799 1519 2859 heriihmtestcn
1538 2809 1670 2846 Dichter
1698 2809 1755 2839 der
1774 2809 1859 2839 alten
1878 2797 2033 2848 Koniidie
2056 2809 2235 2860 sind-icht
2253 2781 2416 2860 ..5⁴23ss

320 2856 457 2892 vrorden,
477 2855 527 2884 die
546 2852 729 2891 Par-«10¹0,
750 2854 809 2886 don
827 2855 953 2895 Hangel
982 2865 1021 2886 an
1041 2856 1229 2896 Ahmdang
1254 2855 1313 2888 nd
1340 2857 1413 2892 dn
1433 2845 1795 2898 flia-verh'a'ltnins
1815 2855 2018 2898 uri-cheu
2033 2855 2146 2888 rom
2171 2859 2243 2892 nd
2262 2855 2417 2897 Euhan

321 2898 637 2934 ..az-eanmund„
656 2901 744 2933 witz
765 2902 1007 2934 nuc-nemro-
1025 2902 1148 2935 unua
1168 2900 1398 2936 aun-doem-
1422 2899 1557 2948 52'372‘
1572 2911 1609 2934 ω
1634 2898 1772 2946 usu-nutu·v
1785 2903 1872 2943 soi-9
1898 2895 2079 2944 uhyth-‘s-
2104 2904 2151 2939 t-
2172 2895 2417 2956 ranei-,guast

323 2950 525 2982 Ochlokratie
545 2948 668 2992 schluff
685 2949 745 2980 aad
764 2950 1001 2989 eberniehli'cb,
1016 2951 1074 2982 ἃ·
1091 2947 1279 2983 Voce-mc
1296 2944 1445 2989 sfilieh,
1463 2945 1599 2982 toalea
1618 2950 1882 2991 algar-›elae-
1910 2951 1923 2971 ’-
1941 2960 1944 2967 ’

1042 3003 1049 3009 “
1678 2999 1693 3031 1
