2453 3070
1065 126 1321 166 ...0-

128 232 335 279 praeteriret
362 206 549 279 plaustrum
577 242 646 287 quo
675 232 835 269 Aulidem
865 234 1055 270 veheretur
1077 235 1264 302 Iphigenia.
1296 226 1481 281 praeterea
1509 235 1626 280 inepte
1656 234 1832 271 iuberetur
1855 234 1950 269 abire
1971 244 2082 269 senex
2107 237 2142 269 et
2171 237 2240 269 tum

131 288 268 326 demum
285 286 478 325 'adderetur
505 298 537 324 e.
562 298 595 335 q.
620 298 649 325 s.
673 299 740 325 nec
762 293 899 336 poterat
920 290 956 326 id
980 301 1044 337 per
1067 288 1116 339 ἦν
1139 303 1220 338 γαρ
1228 291 1318 335 addi,
1341 290 1407 327 sed
1423 290 1607 326 dicendum
1623 289 1747 342 fuisset
1768 286 1818 341 ἢν
1834 287 1888 327 δὲ.
1912 290 2027 336 itaque
2045 279 2135 342 hunc
2154 292 2240 325 ver-
2259 338 2261 340 ι

136 355 228 381 sum
225 350 315 391 post
329 342 384 381 illa
400 342 472 380 ἐπὶ
484 342 734 380 'Ronlanum‘
718 344 786 386 ιεις
801 346 975 390 θυμέλας
991 348 1168 383 collocavi.
1191 349 1278 382 haec
1297 339 1432 392 quidem
1447 347 1579 394 logica
1584 351 1639 381 est
1657 348 1782 392 optima
1799 347 1862 383 sed
1877 347 2070 393 importuno
2087 336 2241 392 tempore

136 401 294 443 adhibita.
324 411 472 446 namque
502 400 714 448 Agamemno
744 406 925 447 postquam
953 396 1092 439 tradidit
1114 405 1251 448 literas,
1281 402 1361 448 qu'id
1392 402 1609 438 continerent
1638 403 1800 447 edocuit,
1822 403 1952 439 monuit
1974 406 2011 438 ut
2034 402 2174 452 caveret
2197 406 2261 436 ne'

136 457 276 504 sugeret
302 467 343 493 se
367 455 542 504 Iphigenia
565 456 722 492 Aulidem
749 457 959 504 profiscens,
987 459 1263 505 quibuscunque
1271 468 1358 505 opus
1387 462 1459 502 est,
1489 468 1532 493 ea
1562 458 1627 493 sibi
1657 458 1793 505 videtur
1819 458 1959 509 dixisse.
1988 459 2098 494 senex
2116 461 2261 493 ιιιιιειιι

137 508 241 548 ἔσται
261 510 357 549 τάδε
372 509 589 559 respondens
613 509 727 558 neque
752 514 871 550 abiens
896 525 973 551 cum
996 516 1153 552 videatur
1177 516 1242 552 alia
1266 515 1432 560 quaedam
1457 516 1677 572 exspectare,
1700 503 1935 563 Agamemno
1936 504 2055 550 morae
2085 503 2138 549 et
2148 513 2260 549 mul-‘

136 572 249 604 torum
264 567 457 604 verborum
479 569 648 614 inpatiens
672 569 738 613 abi,
761 570 884 614 inquit3
913 570 980 605 hoc
1005 572 1108 615 enim,
1135 572 1267 616 opinor,
1291 574 1408 618 tenes,
1433 571 1462 605 si
1484 571 1675 619 inveneris,
1699 570 1850 606 domum
1858 570 2017 618 reduces.
2043 570 2133 604 idem
2161 569 2260 603 sidit*

139 623 369 660 Firnhaberus
391 624 466 661 nisi
481 625 573 670 quod
596 622 664 670 γάρ
689 623 964 661 coniunctionem
987 634 1100 672 neque
1126 627 1308 673 explicavit
1329 637 1443 671 neque
1468 625 1621 662 defendit
1644 631 1765 662 contra
1787 614 2026 673 Hermannum.

311 680 395 717 Post
416 681 524 717 breve
548 681 716 717 silentium
740 682 843 729 igitur
866 686 902 718 et
924 687 1069 730 rogatus
1095 694 1114 718 a
1139 694 1224 719 sene
1247 692 1398 731 pergens
1422 682 1636 729 Agamemno
1660 693 1705 718 ne
1728 683 1857 727 mittas,
1880 674 2007 728 inquit,
2031 671 2128 717 filiam
2153 669 2262 716 tuam'

143 737 187 772 ad
209 736 387 782 Euboeae,
413 748 500 783 quae
524 741 659 801 portum
683 738 837 783 praebet,
862 739 959 783 alam,
982 730 1141 775 Aulidem
1166 750 1185 774 a
1208 740 1318 775 ventis
1339 739 1472 774 tutam
1486 739 1661 783 quaeritur
1684 739 1718 773 in
1742 739 1806 783 his,
1831 738 1909 784 quid
1933 739 1996 773 sibi
2011 738 2091 773 velit
2108 737 2244 781 πτερυξ

141 789 324 838 Εὖβοίαςς
347 794 436 829 sitne
460 793 502 828 ad
525 781 639 828 Αυλνν
663 793 832 839 adpositio
856 805 899 829 an
923 795 1020 830 aliam
1044 795 1213 846 significet
1234 796 1424 847 regionem.
1449 804 1592 840 quarum
1615 794 1758 829 alteram
1775 794 2019 843 sententiarum
2036 793 2244 839 amplectitur

141 847 362 885 Marklandus
391 845 577 896 significari
603 853 726 895 putans
752 844 945 886 Chalcidem
970 855 1006 886 et
1028 851 1196 895 Aulidem,
1220 855 1399 897 utramque
1431 851 1551 886 urbem
1579 842 1762 895 nominari,
1792 851 1871 896 quia
1900 851 2033 886 vicinae
2063 853 2180 885 essent
2209 852 2243 900 et

144 906 384 952 angustissima
406 905 524 951 Euripi
546 909 644 950 parte
669 906 846 941 seiunctae
869 899 1043 972 ponteque
1068 908 1284 952 coniunctae,
1308 911 1346 943 ut
1368 907 1455 942 haec
1479 907 1552 942 sine
1576 907 1630 941 illa
1655 907 1915 954 commemorari
1939 905 2015 941 sere
2038 916 2107 940 ιιοιι
2124 906 2242 951 possit.

143 961 266 997 inserit
287 962 390 1009 igitur
413 962 687 997 coniunctionem
710 962 866 998 scribens
889 951 1033 998 Καυλυν
1054 959 1238 999 ἀκλύσταν
1269 968 1304 999 et
1332 962 1524 998 Lobeckius
1554 950 1666 998 Αυλιν
1695 973 1734 998 τε
1757 961 1891 999 κλυτάν
1915 964 2025 998 vitans
2053 962 2164 997 crasin
2186 962 2244 996 in-

144 1017 376 1053 solentiorem.
400 1018 453 1052 ala
475 1018 612 1053 videtur
634 1017 831 1053 Marklando
855 1029 970 1063 neque
992 1019 1088 1054 Aulis
1111 1019 1275 1054 Euboeae
1307 1020 1373 1054 dici
1401 1029 1505 1064 posse
1534 1028 1647 1063 neque
1679 1017 1812 1054 Chalcis
1835 1018 2019 1062 Boeotiae,
2040 1018 2167 1062 Euripo
2190 1016 2247 1051 ni-

145 1072 267 1110 mirum
294 1072 522 1110 interfluente.
554 1074 645 1110 redit
673 1073 717 1109 ad
755 1074 977 1122 geographos
1010 1075 1098 1111 haec
1127 1076 1302 1121 quaestio,
1335 1075 1487 1121 possitne
1512 1074 1752 1110 coniunctione
1783 1074 1912 1111 inserta
1945 1074 2056 1111 sanari
2079 1073 2187 1109 locus.
2212 1078 2247 1108 et

146 1130 305 1174 quoniam
328 1141 494 1176 nusquam
518 1130 608 1176 apud
631 1134 770 1165 veteres
795 1131 987 1166 Chalcidem
1010 1131 1236 1176 Aulidemque
1261 1132 1357 1166 simul
1380 1132 1568 1169 nominatas
1591 1131 1725 1175 inveni,
1750 1141 1794 1165 ne
1820 1131 2015 1177 Euripidem
2040 1131 2173 1176 quidem
2198 1131 2246 1163 sic

149 1185 277 1221 dixisse
300 1190 401 1231 puto,
426 1187 629 1232 praesertim
656 1190 695 1222 ut
717 1185 876 1222 Aulidem
903 1188 1096 1232 primariam
1126 1188 1280 1222 secundo
1308 1187 1388 1222 loco
1416 1187 1558 1221 diceret.
1586 1186 1746 1233 volgatae
1777 1187 1999 1232 patrocinium
2023 1186 2248 1231 suscipientes

147 1240 273 1277 Bremi.
298 1246 335 1277 et
356 1241 527 1291 Matthiae.
551 1242 637 1277 alam
661 1242 727 1278 dici
748 1252 855 1288 posse
877 1242 1034 1278 Aulidem
1057 1243 1220 1278 Euboeae
1246 1242 1466 1288 contendunt,
1491 1242 1647 1289 exemplo
1672 1242 1725 1278 usi
1748 1242 1839 1287 quod
1862 1252 1926 1289 per
1949 1241 2133 1277 Marklandi
2158 1241 2247 1278 deii-.-

146 1298 313 1334 nitionem
335 1309 381 1333 ne
404 1299 578 1334 exercitus
602 1298 740 1343 quidem
762 1299 845 1333 alae'
861 1299 926 1334 dici
950 1304 1103 1344 possent.
1126 1303 1236 1343 recte,
1260 1303 1298 1334 ut
1320 1299 1401 1334 mihi
1424 1299 1571 1334 videtur.
1596 1308 1798 1343 quamquam
1822 1299 1986 1333 audacter
2008 1309 2093 1333 sane
2116 1299 2247 1332 locutus

148 1357 204 1390 est
226 1358 343 1401 poeta,
365 1358 403 1390 ut
425 1355 499 1390 iure
522 1355 688 1401 quispiam
709 1354 988 1402 interrogaverit,
1013 1365 1076 1391 cur
1098 1353 1261 1390 Euboeae
1285 1365 1351 1390 nec
1372 1352 1539 1390 Boeotiae
1561 1354 1614 1389 ala
1639 1352 1783 1390 vocetur
1805 1353 1911 1390 Aulis.
1936 1353 2145 1400 respondeo:
2171 1354 2247 1399 quia

153 1410 292 1457 longius
317 1412 360 1445 ab
383 1411 487 1457 Argis
511 1411 636 1447 abesse
659 1411 796 1446 videtur
817 1410 913 1447 Aulis
938 1419 1014 1446 cum
1037 1411 1202 1446 Euboeae
1225 1422 1306 1457 pars
1331 1412 1451 1446 dicitur
1476 1421 1574 1455 quam
1597 1411 1628 1445 si
1657 1410 1838 1454 Boeotiae,
1865 1411 1994 1445 idcirco
2022 1411 2070 1445 sic
2099 1411 2247 1454 loquen-

151 1470 222 1501 tem
251 1470 288 1501 et
317 1467 368 1502 sic
400 1467 607 1503 scribentem
638 1467 911 1513 Clytemestrae
939 1470 1042 1513 poeta
1072 1466 1154 1502 facit
1182 1466 1484 1514 Agamemnonem.
1514 1465 1677 1511 πτέρυγα
1705 1466 1739 1501 id
1770 1466 1836 1501 dici
1867 1466 1959 1511 quod
1988 1470 2101 1501 tuetur
2129 1470 2164 1500 et
2194 1465 2248 1500 hic

151 1523 288 1568 quidem
311 1534 419 1559 naves
444 1534 465 1559 a
488 1523 745 1570 tempestatibus
769 1534 839 1560 non
863 1523 1074 1559 addidissem·
1090 1523 1155 1558 nisi
1177 1522 1404 1559 Firnhaberus
1428 1523 1613 1558 iudicasset
1635 1521 1792 1578 Aulidem
1821 1532 1890 1557 non
1915 1522 1979 1557 dici
2003 1522 2163 1557 Euboeae
2188 1522 2249 1556 sed

149 1578 326 1616 Euboeam
349 1579 479 1617 Aulidis
502 1580 726 1627 praesidium.

322 1634 377 1676 εἷς
402 1634 469 1677 τὰς
495 1633 612 1677 ἄλλας
642 1647 740 1682 ωρας
768 1633 837 1681 γὰρ
868 1635 929 1684 δή,
960 1637 995 1671 1ιι
1025 1637 1076 1671 his
1107 1637 1290 1671 articulum
1315 1647 1416 1682 quem
1446 1636 1601 1671 omittunt
1629 1634 1730 1670 codd.
1761 1634 1836 1669 Par.
1861 1633 1902 1668 A.
1928 1633 2016 1667 Flor.
2043 1633 2073 1667 1.
2098 1633 2132 1667 2.
2155 1637 2250 1667 recte

155 1689 314 1726 viderunt
341 1690 558 1728 Marklandus
584 1691 786 1728 Matthiaeus
817 1690 1034 1727 Hermannus
1067 1687 1172 1739 omitti
1200 1702 1269 1728 non
1297 1702 1412 1739 posse.
1448 1691 1492 1727 de
1523 1686 1678 1738 proximo
1708 1691 1797 1726 enim
1827 1699 1917 1724 anno
1953 1688 2018 1724 dici
2049 1689 2172 1724 evincit
2200 1687 2252 1728 εἷς

154 1748 377 1791 praepositio,
402 1759 480 1782 cum
502 1747 556 1788 εἰς
579 1746 645 1788 τὰς
667 1759 766 1793 ωρας
780 1748 938 1792 proximo
950 1758 1041 1783 anno
1058 1748 1201 1783 formula
1216 1748 1290 1783 fere
1307 1748 1442 1782 dicendi
1459 1748 1513 1789 sit,
1533 1748 1614 1782 alias
1631 1751 1742 1781 autem
1760 1746 1811 1785 εἷς
1827 1746 1861 1779 in
1878 1742 1918 1779 ἐν
1936 1746 2130 1779 mutandum
2146 1749 2250 1779 esset.

326 1802 367 1838 V.
394 1802 472 1838 125.
498 1813 567 1838 non
592 1803 698 1838 credo
721 1802 954 1838 necessariam
979 1796 1059 1838 esse
1082 1802 1230 1839 Elmsleii
1254 1803 1525 1839 emendationem
1554 1801 1713 1837 mutantis
1736 1798 1883 1846 ἐπαίρει
1906 1809 2071 1845 praesens
2100 1800 2133 1835 in
2164 1797 2253 1835 ἐπα-

156 1859 217 1902 ρεῖ
237 1857 398 1894 futurum.
431 1863 544 1894 amant
573 1860 663 1894 enim
694 1859 819 1895 Graeci
846 1860 881 1893 in
911 1859 976 1894 hac
1005 1859 1275 1906 interrogatione
1304 1871 1384 1899 πως
1411 1855 1457 1894 οὗ
1485 1858 1701 1893 indicativum
1714 1849 1933 1903 praesentis.
1958 1856 2035 1900 quia
2059 1857 2180 1902 opinor
2204 1857 2253 1891 sic

162 1923 237 1948 rem
261 1915 486 1951 certissimam
511 1920 546 1951 et
570 1920 649 1951 ante
675 1915 794 1951 oculos
826 1915 924 1961 quasi
951 1910 1085 1961 p'onere
1114 1915 1241 1951 volunt.
1273 1915 1464 1961 exemplum
1496 1918 1608 1950 exstat
1633 1914 1668 1948 in
1696 1912 1860 1958 Aeschyli
1888 1912 2089 1947 Prometheo
2118 1924 2150 1947 v.
2176 1911 2255 1948 5892

157 1968 212 2004 Io·
235 1967 359 2010 κλύεις
381 1972 539 2016 φθέγμα
561 1973 626 2012 τᾶς
647 1968 829 2017 βούκερω
839 1970 1059 2016 παρθένους
1094 1970 1166 2006 Pr.:
1191 1972 1273 2011 παῖς
1300 1970 1334 2006 δ’
1359 1966 1404 2005 οὐ
1426 1967 1525 2005 κλύω
1547 1972 1614 2018 τῆς
1643 1963 1924 2014 οἰστροδινήτου
1946 1964 2059 2031 κόρης
2081 1969 2145 2016 τῆς
2165 1965 2254 2003 Ἰνα·

155 2024 276 2069 zelen-,-
306 2026 449 2063 alterum
477 2028 511 2063 in
534 2028 650 2074 Eurip.
676 2027 734 2064 Or.
759 2039 793 2063 v.
820 2026 925 2063 1025.
957 2023 1003 2062 οὗ
1032 2025 1102 2071 σῖγ’
1132 2023 1271 2073 ἀφεῖσα
1291 2038 1377 2067 τους
1399 2026 1626 2070 γυναικείους
1649 2021 1759 2069 γόους
1783 2023 1946 2068 στερξεις
1967 2018 2012 2058 τοὶ
2034 2024 2253 2070 κρανθεντᾎ·

161 2100 203 2106 -
228 2081 295 2117 EL:
319 2082 381 2118 καὶ
403 2085 484 2123 παῖς
508 2085 656 2127 σιωπως
683 2083 992 2129 interpunctionem
1019 2083 1155 2117 retineo
1186 2082 1368 2117 editionum
1399 2081 1617 2117 Stiblinianae
1649 2085 1684 2115 et
1714 2079 1994 2114 Hermannianae.
2027 2079 2091 2114 hoc
2121 2090 2257 2125 quoque

159 2136 345 2174 timendum
369 2143 434 2183 est,
457 2139 478 2174 i.
505 2150 538 2184 e,
561 2143 702 2186 praeter
724 2139 813 2175 filiae
835 2142 993 2183 mortem,
1017 2138 1108 2173 bene
1132 2138 1212 2173 dicit
1235 2148 1357 2181 senex,
1382 2138 1439 2182 qui
1463 2136 1560 2173 fictas
1584 2146 1664 2172 esse
1688 2136 1749 2171 has
1774 2135 1908 2180 nuptias
1941 2134 2089 2169 nondum
2117 2136 2256 2171 intelle-

158 2193 220 2228 xit.
245 2203 393 2240 eumque
417 2196 690 2231 animadvertere
715 2199 794 2231 ante
816 2194 962 2230 verbum
988 2191 1135 2241 σήμαιν’
1160 2193 1426 2241 Agamemnonis
1451 2192 1548 2227 aliam
1572 2192 1775 2228 sententiam
1799 2201 1845 2226 ex
1860 2190 2015 2235 corporis
2027 2190 2136 2235 aliquo
2154 2196 2259 2236 motu,

160 2253 258 2285 recte
286 2251 461 2287 adnotavit
487 2251 726 2287 Firnhaberus.
755 2252 871 2298 pergit
897 2260 981 2294 rex,
1010 2260 1136 2285 nomen
1166 2260 1236 2285 non
1264 2260 1338 2285 rem
1367 2249 1539 2295 praebens
1562 2247 1711 2284 Achilles
1741 2246 1821 2282 nihil
1844 2246 1909 2281 scit
1933 2246 1977 2281 de
2000 2247 2124 2292 nuptiis
2146 2254 2282 2293 neque*

162 2306 241 2350 quid
264 2316 406 2353 agamus
430 2317 546 2353 neque
569 2307 670 2343 filiam
693 2309 727 2343 ei
750 2318 804 2342 me
829 2306 1003 2342 addixisse
1025 2306 1061 2340 in
1085 2306 1329 2341 matrimonium
1359 2306 1515 2340 dandam.
1540 2305 1665 2348 sicine,
1695 2313 1805 2339 senex
1827 2302 1936 2346 inquit
1959 2301 2046 2336 deae
2070 2302 2137 2338 filio
2161 2304 2261 2340 filiam

162 2366 254 2397 tuam
281 2372 426 2398 uxorem
453 2364 579 2398 dictam
606 2364 776 2399 victimam
806 2362 959 2398 ducebas
983 2361 1135 2397 Danais?
1166 2371 1243 2396 nam
1267 2357 1360 2397 οὕτω
1383 2362 1485 2396 trium
1515 2361 1615 2396 codd.
1643 2363 1742 2395 recte
1765 2356 1965 2404 praeferunt
1987 2356 2203 2411 Marklandus
2227 2365 2263 2396 et

160 2417 356 2465 Hartungus
385 2419 418 2453 ci
445 2419 538 2464 quod
567 2424 622 2454 est
648 2416 683 2454 in
713 2429 783 2454 uno
813 2419 888 2453 Par.
923 2417 960 2452 C.
991 2412 1035 2457 ὃς
1063 2419 1118 2464 τῷ
1139 2420 1204 2466 της
1227 2417 1340 2461 θεᾶςς
1369 2417 1423 2465 τῳ
1454 2420 1532 2451 ante
1563 2417 1661 2456 θεᾶς
1690 2425 1709 2450 a
1738 2413 1875 2449 librario
1904 2412 2106 2449 dormitante
2134 2416 2171 2451 in
2197 2416 2263 2464 τῆς

161 2478 324 2511 mutatum
346 2476 381 2510 in
405 2485 525 2511 omnes
549 2476 608 2520 qui
631 2480 817 2522 supersunt
841 2478 989 2520 quatuor
1014 2473 1114 2508 codd.
1140 2473 1245 2517 venit,
1270 2477 1305 2508 et
1327 2474 1357 2508 is
1381 2474 1438 2518 qui
1462 2473 1536 2507 Par.
1562 2472 1599 2507 C.
1630 2471 1768 2517 scripsit
1789 2469 1983 2504 resarciens
2009 2480 2124 2506 casum
2148 2465 2189 2511 ὃς
2211 2475 2264 2520 παῖ

162 2532 324 2568 correxit.
354 2531 418 2568 sed
444 2531 479 2567 id
509 2531 602 2577 quod
624 2541 750 2568 revera
774 2533 972 2576 corruptum
996 2532 1073 2564 erat
1096 2529 1288 2565 emendavit
1303 2528 1521 2565 Marklandus
1546 2538 1589 2564 eo
1613 2527 1704 2573 quod
1729 2535 1849 2562 sanum
1872 2529 1947 2561 erat
1969 2529 2116 2562 retento.
2141 2529 2263 2564 venia-

162 2598 237 2653 mus
260 2588 303 2624 ad
320 2587 433 2624 locum
451 2586 688 2624 difficillimum.
712 2589 746 2623 in
770 2587 870 2624 codd.
895 2586 984 2621 haec
1004 2589 1209 2631 sequuntur:

842 2640 891 2692 ἢν
913 2639 982 2687 γάρ
1005 2652 1065 2678 νιν
1090 2638 1259 2685 πόμπαις
1282 2638 1457 2690 ὄντήσαις

844 2695 961 2734 πάλιν
982 2694 1124 2742 ἐξόρμα
1148 2704 1226 2738 cate
1248 2694 1335 2738 τούς
1356 2693 1534 2741 χαλινους

522 2775 532 2785 ·
842 2751 908 2790 ἐπὶ
929 2749 1144 2789 Κυκλιόπων
1169 2751 1236 2795 ἱεὶς
1258 2751 1439 2798 θυμέλας.

161 2821 227 2857 pro
253 2808 428 2860 ἀνιήσαις
455 2811 498 2848 A.
523 2815 559 2847 et
581 2811 619 2848 B.
650 2811 812 2848 exhibent
839 2806 1017 2859 ἀντήσῃς,
1043 2810 1135 2856 quod
1165 2812 1375 2856 receperunt
1406 2808 1570 2844 editores.
1603 2812 1636 2844 et
1668 2807 1815 2844 medium
1845 2807 1980 2853 quidem
2009 2815 2148 2843 versum
2179 2819 2264 2845 cor-
