2453 3070
1070 122 1138 134 ....
1186 106 1364 146 ¹15„-

883 209 999 257 φόνος
1021 209 1084 248 ἐπὶ
1106 210 1213 260 φόνῳ
1232 208 1330 256 ἄχεά
1350 210 1381 247 τ’
1406 206 1542 254 ἄχεσιν.
2143 209 2163 229 ‘

172 279 251 304 num
275 268 364 303 enim
388 269 437 303 sic
461 267 621 303 videntur
643 267 864 313 pronunciata
888 277 969 302 esse
991 267 1115 303 verbaz

737 319 857 368 φόνος
881 320 969 358 ili-A
990 320 1036 357 πὶ
1052 318 1165 370 φόνῳ
1189 323 1231 358 A
1252 317 1347 366 ἄχεά
1366 319 1461 357 Av’
1484 317 1692 366 ἄχεσιν-Λ,

172 389 216 414 an
245 380 422 425 quisquam
450 378 560 413 credit
590 378 644 413 hic
674 387 746 414 non
772 375 837 413 ἐπὶ
867 378 943 421 sed
957 373 1028 424 ἤπί
1056 378 1114 414 vel
1136 376 1214 414 alui
1235 377 1496 424 pronunciatum
1518 376 1626 413 esse?
1656 373 1792 412 tertium
1815 375 1906 410 enim
1931 381 2009 410 nou
2023 374 2141 411 datur:
2165 374 2264 410 unius

172 445 290 470 morae
313 434 443 481 syllaba
468 444 585 479 neque
606 443 836 469 consonarum
855 434 1214 480 &autumpnum
1234 437 1335 469 aucta
1355 443 1471 478 neque
1494 443 1572 468 cnm
1595 433 1729 469 silentio
1751 432 1932 467 coniuncta
1952 431 2088 478 longa-
2112 440 2264 476 aequare

171 490 271 537 plane
292 490 420 536 nequit.
468 490 583 535 itaque
608 489 683 525 sine
707 489 774 525 ulla
798 488 1007 525 dubitatione
1029 490 1081 525 sic
1103 489 1186 536 lego
1206 488 1272 525 hos
1296 498 1433 525 versus.

843 576 844 579 ι
920 559 1089 588 uus-1⁹
1115 569 1188 587 νυ
1215 559 1287 586 Ην
1313 559 1502 594 υυυυ,

171 610 371 646 quamquam
396 601 446 637 sic
471 609 633 636 numeros
661 600 894 646 ineptissimos
923 600 1075 638 evadne
1101 601 1185 637 dicit
1218 600 1412 639 Dindorlius
1441 600 1650 655 multamque
1678 597 1857 636 dissimiles
1886 598 2044 634 versibus
2072 597 2180 642 qualis
2209 601 2264 631 est

170 656 240 702 Iph.
272 656 373 692 Taur.
403 655 484 692 230.
514 653 712 700 σύγγονον,
743 651 788 691 ὃν
818 653 950 694 ἔλιπον
974 653 1252 701 ἐπιμαστίδιον,
1283 660 1321 692 ut
1352 656 1516 701 tripodias
1547 655 1783 701 anapaesticus
1814 655 2021 690 aoatalectas
2049 653 2105 688 vel
2134 655 2163 688 si
2186 654 2262 697 quis

170 712 262 748 malit
282 710 479 756 dimetros,
492 711 614 757 quibus
637 710 727 746 desit
749 721 832 756 pes,
860 715 899 747 ut
921 714 1086 757 sequatur
1108 710 1371 757 trepidationem
1393 712 1562 748 silentium
1585 714 1748 757 quattuor
1770 720 1954 746 morarum.
2001 709 2261 756 proceleusma-

169 767 254 803 ticos
278 778 359 803 esse
381 768 417 803 in
439 768 491 803 his
516 766 675 802 versibus
698 767 823 803 evincit
847 768 948 803 etiam
971 777 1073 812 quem
1095 767 1210 804 adfert
1231 767 1331 803 Dind.
1355 767 1426 814 lph.
1452 767 1552 803 Taur.
1576 766 1658 802 232.
1682 763 1737 802 ἔτι
1759 767 1903 813 βρέφος
1926 763 1980 801 ἔτι
2002 766 2091 801 νέον
2113 761 2164 800 ἔτι
2188 762 2259 799 θά-

168 821 244 867 λος,
267 824 302 859 in
325 833 393 869 quo
418 833 547 869 pausae
570 826 731 858 secarent
751 822 914 868 βρέ-φος
937 827 973 865 et
994 819 1066 859 ἔ-ιι,
1087 822 1267 859 vocabula.
1291 827 1446 858 ceterum
1470 824 1562 868 quod
1582 822 1625 858 A.
1641 822 1814 858 Nauckius
1828 822 1864 857 in
1882 822 2003 858 studfis
2019 819 2260 866 Euripideis‚l.

167 878 303 924 Petrop.
329 877 421 914 1859
445 889 478 923 p.
501 877 536 912 4.
566 879 626 914 vix
648 877 745 912 credi
766 887 872 923 posse
896 878 977 913 dicit
998 888 1206 923 quemqnam
1229 878 1426 926 diligentem
1448 882 1584 925 poetam
1608 878 1779 923 dactylum
1801 877 1980 913 admisisse
2003 880 2084 911 ante
2107 884 2260 921 anapae-

168 936 257 969 stum
278 934 314 969 in
336 934 531 980 systematis
556 933 793 979 anapaesticis,
817 934 973 980 exempla
994 934 1070 970 eins
1085 934 1244 970 licentiae
1261 935 1373 970 omnia
1390 934 1498 969 videri
1514 943 1698 980 operarum
1714 933 1954 981 neglegentiae
1971 931 2152 968 nrm-enda
2169 940 2261 973 esse,

168 999 295 1024 vereor
316 993 355 1025 ut
376 990 509 1035 possint
531 989 704 1024 emendari
733 993 784 1023 tot
812 989 879 1024 loci
901 990 1064 1025 librorum
1089 990 1295 1025 auctoritate
1318 991 1447 1034 muniti,
1469 991 1534 1025 nisi
1557 991 1633 1035 quis
1657 999 1721 1035 per
1739 990 1809 1024 vim
1830 992 1981 1024 tractare
2004 987 2112 1024 verba
2135 990 2260 1032 poetae

168 1045 313 1080 animum
334 1045 519 1089 induxerit,
543 1048 581 1080 ut
603 1044 692 1079 idem
715 1044 737 1079 l.
761 1045 782 1079 l.
807 1044 845 1080 Π.
871 1045 1008 1092 Petrop.
1034 1044 1127 1081 1862
1156 1057 1188 1092 p.
1215 1045 1294 1082 191.
1327 1047 1449 1081 mutari
1477 1056 1583 1092 posse
1612 1045 1758 1081 credidit
1780 1044 1905 1080 Troad.
1932 1043 2009 1080 101.
2033 1041 2259 1090 μεταβαλλο-

165 1100 283 1144 mov
305 1101 483 1146 δαίμονος
506 1097 671 1144 ἀνέχου
693 1101 728 1136 in
749 1111 824 1145 μετ.
849 1100 947 1146 δαίμ.
972 1097 1147 1146 α’·νσχοιῖ.
1173 1102 1318 1138 maxime
1345 1105 1459 1137 autem
1482 1103 1571 1138 tueri
1592 1101 1728 1137 videtur
1750 1101 1837 1136 hanc
1859 1101 2028 1137 licentiam
2051 1098 2259 1145 Arbtoplia-

168 1157 218 1192 nis
241 1156 498 1203 Euripidearum
530 1156 764 1192 monodiarum
786 1157 941 1201 imitatio,
972 1161 1010 1192 ut
1038 1168 1092 1193 av.
1115 1156 1196 1192 328.
1220 1168 1296 1203 sqq.
1321 1157 1377 1193 ed.
1401 1157 1503 1193 Mein.
1535 1158 1579 1193 ad
1602 1168 1703 1202 quem
1725 1157 1839 1192 locum
1861 1156 1905 1192 cf.
1929 1156 2137 1192 Dindorfium
2160 1158 2257 1189 metr.

167 1213 294 1248 Aesch.
318 1217 385 1248 etc.
408 1223 442 1259 p.
465 1211 545 1247 355.
594 1212 624 1247 si
646 1222 733 1247 vero
757 1213 974 1258 anapaestica
998 1216 1185 1259 systemata
1208 1213 1361 1259 legitima
1384 1213 1464 1249 dicit
1486 1223 1600 1259 neque
1624 1213 1747 1257 libera,
1776 1213 2003 1258 explicavisse
2030 1212 2109 1248 mihi
2137 1211 2258 1246 videor

166 1269 291 1303 sensim
314 1268 389 1303 fieri
410 1269 586 1304 transitum
611 1277 652 1301 ac
676 1267 752 1302 fere
775 1269 850 1303 sine
874 1278 979 1303 sensu
1002 1268 1092 1314 apud
1114 1268 1309 1314 Euripidem
1333 1279 1353 1304 a
1376 1269 1532 1316 legitimis
1557 1270 1751 1314 anapaestis
1774 1269 1818 1303 ad
1840 1268 1980 1312 liberos,
2002 1272 2041 1303 ut
2063 1269 2098 1302 in
2115 1266 2255 1312 iphige-

165 1324 244 1358 niae
264 1324 341 1359 Aul.
365 1324 457 1369 quod
486 1324 728 1369 interpretatus
759 1334 832 1359 sum
860 1324 971 1368 initio,
1000 1334 1124 1360 versus
1156 1324 1290 1370 priores
1313 1323 1361 1359 48
1383 1325 1521 1373 legitimi
1550 1335 1627 1360 cum
1651 1325 1736 1369 sint,
1765 1324 1887 1370 reliqui
1917 1325 1982 1359 iam
2012 1323 2184 1359 declinant
2214 1322 2256 1356 ad

164 1379 347 1414 liberorum
369 1380 544 1415 rationem.
593 1384 645 1423 et,
677 1380 773 1414 cuius
797 1380 904 1414 verba
927 1384 1079 1415 tractans
1102 1380 1188 1414 haec
1211 1380 1345 1423 adtulit,
1374 1381 1480 1425 ipsius
1502 1380 1664 1415 Hecubae
1694 1390 1817 1415 versus
1846 1378 1976 1424 λάβετε
1999 1379 2132 1424 φέρετε
2159 1378 2253 1420 πέμ-

163 1434 242 1470 πετ’
266 1431 406 1481 ἄείρετέ
423 1446 498 1480 μου
521 1435 578 1470 vix
599 1434 735 1469 videtur
756 1434 857 1470 modo
880 1434 1046 1481 probabili
1072 1435 1194 1470 mutari
1222 1445 1327 1481 posse
1350 1445 1464 1481 neque
1488 1440 1634 1471 mutatus
1659 1439 1712 1471 est
1734 1446 1755 1471 a
1778 1434 1931 1471 Nauckio
1955 1435 1977 1471 1.
2001 1434 2023 1470 1.
2048 1445 2126 1470 cum
2148 1434 2250 1481 igitur

163 1490 349 1525 Rossbach.
372 1494 409 1530 et
431 1490 617 1536 Westphal.
649 1491 692 1525 de
716 1494 814 1525 metr.
838 1491 890 1525 111.
918 1502 952 1536 p.
975 1490 1031 1525 97.
1061 1491 1369 1527 demonstraverint
1397 1491 1575 1527 diaereses
1604 1491 1800 1537 Euripidem
1829 1492 1863 1525 in
1885 1491 2041 1537 legitimis
2065 1500 2165 1535 anap.
2189 1500 2253 1534 sy-

164 1550 259 1581 stem.
282 1546 316 1581 in
339 1546 452 1592 primis
475 1545 637 1593 religiose
660 1555 821 1581 servasse
845 1556 958 1591 neque
981 1556 1139 1591 umquam
1162 1547 1226 1583 sibi
1248 1546 1430 1583 indulsisse
1455 1557 1638 1591 caesuras,
1662 1547 1851 1582 cavendum
1875 1550 1930 1582 est
1951 1557 1997 1582 ne
2021 1546 2066 1581 ad
2089 1556 2166 1581 eam
2190 1550 2252 1580 'se-

163 1602 341 1637 veritatem
363 1602 482 1648 exigas
505 1611 628 1638 versus
650 1601 728 1646 sere
749 1601 886 1637 liberos.
917 1602 1121 1638 solutionum
1139 1606 1253 1638 autem
1269 1602 1382 1638 eidem
1397 1607 1650 1650 congesserunt
1665 1602 1822 1649 exempla
1838 1602 2033 1637 eiusdeml.
2050 1601 2103 1637 m.
2121 1612 2154 1648 p.
2174 1600 2251 1635 113.

330 1657 398 1693 Eas
424 1657 468 1693 ob
493 1667 633 1692 caussas
658 1660 693 1691 et
717 1657 808 1702 quod
830 1657 1055 1704 prosodiacos
1088 1658 1300 1704 spondiacoa
1330 1658 1548 1695 catalecticos
1578 1658 1750 1734 antecedit
1779 1658 2003 1704 prosodiacus
2035 1657 2252 1694 catalecticus

161 1714 259 1749 huius
283 1723 465 1749 mensurae

575 1794 641 1813 uu
663 1784 731 1810 φρ
754 1795 805 1802 —
833 1781 888 1804 -·
913 1797 970 1804 —
1000 1765 1047 1805 συ
1069 1767 1113 1805 δὲ
1136 1767 1277 1818 κιθάρᾳ
1299 1768 1447 1816 κλάζεις
1476 1770 1575 1814 (912.
1600 1771 1655 1807 ed
1667 1728 1834 1813 Kirchh.)

160 1828 268 1860 totum
289 1823 368 1859 mihi
389 1824 455 1859 hoc
480 1835 618 1860 carmen
640 1836 711 1860 non
733 1824 822 1860 adeo
842 1825 987 1861 liberum
1012 1825 1165 1870 videtur,
1189 1830 1227 1861 ut
1249 1826 1391 1861 aliorum
1419 1831 1606 1862 metrorum
1634 1826 1775 1862 ordines
1799 1826 1983 1862 contineat.
2030 1821 2120 1865 θεος
2140 1823 2247 1869 ὁμευ-

159 1879 262 1918 νέτας
284 1879 366 1913 902.
399 1879 590 1914 dochmaam
618 1880 810 1925 suspicatus
838 1890 912 1915 sum
941 1889 1012 1915 non
1033 1880 1186 1926 Euripidi
1215 1880 1336 1916 deberi
1363 1881 1427 1916 sed
1454 1882 1574 1916 nescio
1605 1882 1660 1916 cui
1682 1881 1816 1915 miranti
1840 1880 2049 1916 Graecorum
2070 1883 2249 1926 poetarum

161 1938 399 1979 commentum,
424 1944 624 1980 quamquam
649 1935 739 1971 facili
762 1935 999 1971 emendatione
1021 1935 1165 1972 lucraris
1189 1945 1367 1973 numerum
1390 1937 1644 1985 prosodiacnm:
1668 1937 1778 1978 θειος
1801 1933 2024 1985 όμευνήταςς
2044 1945 2122 1971 nam
2141 1930 2246 1980 εὐνή·

159 2003 223 2032 τας
252 1991 436 2027 memoriae
465 1991 634 2037 proditum
664 1992 706 2027 ab
733 1991 903 2038 Hesychio
933 1995 968 2027 et
998 2003 1018 2027 a
1047 1991 1220 2028 Brunckio
1252 1996 1363 2028 metro
1393 1994 1612 2059 anapaestico
1640 1997 1852 2029 monstrante
1880 1994 2072 2029 restitutum
2097 1991 2247 2038 Euripidi

158 2047 247 2083 Med.
273 2046 351 2082 161.
374 2047 529 2092 plerique
553 2048 703 2083 editores
725 2051 943 2093 receperunt.
989 2048 1069 2082 item
1091 2048 1287 2094 prosodiaci
1308 2053 1388 2083 sunt
1411 2038 1495 2093 ἆγες
1518 2045 1684 2096 α’ναιδεῳ
1710 2047 1792 2083 913.
1816 2045 1975 2095 Κύπριδι
1996 2045 2105 2093 χάριν
2128 2044 2244 2092 πράσ-

157 2111 248 2147 σων,
277 2103 334 2148 qui
361 2101 517 2137 referunt
545 2103 763 2139 mulierculae
790 2102 1069 2150 trepidationem,
1093 2113 1171 2138 cum
1201 2103 1303 2139 deum
1326 2113 1396 2140 non
1425 2105 1460 2139 in
1482 2108 1563 2140 vota
1592 2109 1696 2141 vocet
1724 2104 1788 2140 sed
1817 2108 1956 2141 accuset
1987 2108 2023 2140 et
2051 2103 2133 2140 diris
2156 2107 2244 2150 agat.

156 2157 236 2194 913.
259 2168 346 2194 vero
368 2163 404 2194 et
428 2157 523 2194 914:

941 2211 1019 2251 τόν
1041 2214 1219 2256 Λατοῦς
1240 2211 1360 2251 arido?

940 2266 1095 2317 όμφαΰ
1117 2266 1166 2313 ὃς
1187 2270 1373 2321 κληροῖς

153 2323 215 2370 (ὃς
241 2327 276 2362 in
300 2326 393 2362 libris
416 2330 453 2362 et
475 2326 679 2362 editionibus
701 2336 883 2373 perperam
906 2330 986 2362 ante
1014 2322 1141 2373 όμφᾰν
1163 2329 1311 2394 positum
1340 2331 1412 2371 est)
1444 2329 1523 2374 quia
1553 2328 1714 2364 formulas
1742 2328 1917 2363 continent
1945 2328 2068 2373 quibus
2099 2330 2243 2362 vocetur

61 2375 72 2391 ¹
90 2386 97 2391 “
151 2382 274 2430 Apollo
298 2386 335 2418 et
357 2386 501 2431 cogatur
524 2383 655 2429 andire,
677 2387 717 2419 ut
737 2387 817 2430 post
838 2383 939 2419 etiam
963 2381 1046 2419 dixit
1068 2381 1122 2424 εἰς
1145 2372 1210 2426 ους
1232 2380 1349 2420 «ivadv
1371 2382 1514 2440 καρύξω
1537 2396 1571 2421 v.
1595 2384 1686 2429 916„
1710 2384 1854 2420 maxime
1872 2384 2002 2420 alienos
2017 2393 2098 2420 esse
2114 2383 2157 2418 ab
2184 2383 2241 2417 in-

152 2438 230 2474 dole
260 2435 446 2474 dochmiaci
475 2440 607 2474 numeri
629 2440 704 2485 quis
728 2444 782 2476 est
805 2439 886 2485 quin
909 2439 1059 2475 sentiat?
1086 2443 1208 2475 contra
1230 2440 1353 2476 clamat
1375 2430 1475 2476 etiam
1497 2438 1555 2488 ωή
1576 2430 1776 2475 exclamatio
1804 2441 2009 2487 praemissa,
2041 2439 2163 2485 quibus
2187 2440 2242 2473 dei

151 2494 266 2530 'vocari
289 2494 402 2530 solent
423 2496 587 2541 numeris,
613 2500 667 2532 est
690 2496 780 2531 enim
802 2495 894 2531 fere.
917 2494 1004 2531 bens
1026 2499 1075 2541 tn,
1097 2495 1227 2541 audias,
1250 2507 1364 2543 neque
1388 2497 1517 2533 doloris
1540 2496 1750 2543 significatio.

66 2541 86 2557 ⁸
167 2582 173 2584 ,
314 2549 408 2585 Haec
430 2552 587 2598 exempla
610 2552 640 2587 si
661 2555 759 2587 recte
781 2552 1025 2597 interpretatus
1047 2561 1135 2596 sum,
1160 2552 1296 2588 mundo
1327 2553 1560 2588 dochmiorum
1588 2552 1843 2599 languidissime
1876 2562 1940 2599 per
1972 2552 2091 2598 quinas
2121 2553 2243 2600 longas

146 2604 433 2653 progredientium
457 2607 557 2642 etiam
581 2608 670 2654 apud
694 2607 887 2655 Euripidem
910 2615 1089 2643 numerum
1111 2616 1293 2644 evasurum
1318 2619 1399 2645 esse
1421 2609 1600 2644 minimum.
