2453 3070
0 2980 358 3053 &dmm
393 3050 401 3052 ,

1022 74 1377 120 ‚misa-

981 179 1022 216 ὲν
1043 181 1225 232 κηδείοις
1234 180 1416 221 οἴκοισιν
1499 197 1503 200 <

981 234 1025 272 αἵ
1046 249 1117 282 μοι
1127 238 1381 291 confluit-ovi?
1396 228 1528 305 fimo,-

187 302 333 337 quorum
359 295 506 336 uterque
532 291 680 327 ultimam
706 290 870 337 syllabam
893 296 1088 339 correptam
1112 293 1236 339 babet,
1267 302 1345 330 nam
1373 294 1467 342 post
1477 284 1562 331 ἆται
1583 294 1708 342 legitur
1733 290 1921 339 σύγγονον.
1971 295 2097 330 admitti
2121 297 2155 330 in
2179 295 2291 330 liberis

186 347 382 393 systematis
418 347 520 382 etiam
549 348 584 390 in
614 347 682 382 line
715 347 937 382 dimetrorum
962 349 1229 386 acatalectorum
1257 351 1427 387 interdum
1455 351 1635 396 ancipitem
1667 351 1828 397 syllabam
1860 354 1894 385 et
1926 351 2050 386 hiatum
2080 355 2197 386 notum
2228 355 2290 386 est.

187 406 219 438 in
245 403 335 438 lonis
359 407 485 447 tamen,
510 399 610 449 q'uam
634 407 736 437 antea
759 403 915 448 tractavi,
939 405 1097 441 monodia
1120 407 1225 442 ιιιιίιιο
1239 414 1373 442 »versus
1397 406 1510 443 ultima
1534 406 1650 443 brevis

937 462 1092 507 κοῦρον,
1115 460 1182 497 τόν
1206 462 1320 510 φρίκᾳ
1341 460 1510 509 ματρός
1618 468 1620 470 “

939 514 994 556 εἰς
1015 513 1129 552 οὖνᾶν
1150 515 1276 563 βάλλω
1299 513 1366 553 τᾶν
1390 516 1461 553 σιίν

187 568 410 616 producenda
433 568 571 604 videtur
592 573 723 605 mutato
746 569 932 605 verborum
956 572 1079 606 ordine
1101 573 1136 607 in
1159 582 1205 608 eo
1228 573 1287 618 qui
1309 574 1464 618 sequitur
1486 569 1610 618 βάλλω
1634 570 1702 608 τάν
1726 569 1809 608 σὰν
1820 571 1873 613 εἷς
1895 569 2015 608 εὐνάν.
2046 572 2079 608 in
2097 572 2162 608 boc
2178 575 2290 608 autem

187 635 322 662 commo
353 624 476 661 eadem
503 625 641 661 licentia
662 629 775 673 poeta
804 626 1008 671 aliquotiens
1033 638 1120 664 usus
1150 633 1223 673 est,
1245 640 1278 664 v.
1305 628 1384 664 125.
1412 629 1468 664 ed.
1494 627 1622 662 Nauck.
1657 627 1754 672 148„
1782 628 1891 663 hiatus
1916 633 1970 663 est
2002 627 2080 662 131.
2107 627 2288 662 ι53.166.

190 683 269 717 169.
295 680 376 716 207.
402 681 483 715 219.
509 690 654 726 quorum
678 691 856 718 versuum
864 691 932 718 sex
955 686 1035 718 sunt
1058 683 1277 730 paroemiaci.

356 736 397 772 V.
425 736 503 772 155.
529 737 745 783 participium
768 737 825 773 vel
848 738 1064 782 adiectivum‚
1089 750 1157 785 quo
1183 742 1279 784 ζωᾶς
1300 738 1521 775 referendum
1543 738 1664 774 finisset
1685 739 1855 774 excidisse
1872 743 1969 773 recte
1988 739 2067 774 dicit
2083 739 2288 784 Koechlyus‚

187 794 348 839 quoniam
372 793 579 838 pentapodia
608 794 830 839 anapaestica
859 794 893 829 in
924 794 976 829 his
1001 795 1195 841 systematis
1223 805 1305 831 esse
1338 805 1408 831 non
1430 798 1556 842 potest.
1604 798 1745 840 praeter
1774 794 1939 831 dimetros
1969 805 2106 841 semper
2128 795 2203 830 illos
2227 805 2290 840 per

188 850 366 896 spondeos
388 846 590 885 incedentes
615 849 730 885 crebn‘
758 854 838 885 sunt
860 851 895 885 in
919 850 970 885 eis
995 860 1084 894 quae
1108 851 1321 887 canebantur
1343 851 1509 897 lugubres
1536 849 1628 885 modi
1650 850 1955 895 paroemiacorum.
1978 851 1981 856 '
2003 850 2154 899 legitimo
2177 854 2288 886 autem

190 905 285 951 quod
307 905 466 950 sequitur
490 909 678 952 systemate
702 906 746 941 ad
769 904 908 941 fratrem
932 906 1040 941 verba
1063 910 1176 942 utrum
1200 907 1362 954 gradiens
1387 907 1509 942 fecerit
1532 905 1706 953 Iphigenia
1724 917 1852 950 necne,
1877 916 1946 941 non
1971 908 2076 942 ausim
2093 907 2289 942 diiudicare.

189 962 398 1007 Koechlyus,
423 961 503 997 dum
527 961 718 997 orationem
742 962 833 997 dicat
855 963 898 997 ad
921 962 1035 997 fratris
1058 973 1191 1005 manes,
1214 963 1409 998 libationem
1432 962 1549 997 facere
1573 972 1616 997 an
1640 967 1737 997 recte
1757 962 1846 997 dicat
1864 962 1980 998 dubito
1996 967 2181 1009 propterea
2198 963 2294 1007 quod

190 1020 256 1054 boc
281 1021 336 1053 est
358 1016 545 1063 legitimum
569 1021 720 1064 systema
726 1029 737 1062 3
760 1018 871 1053 malim
895 1018 1045 1053 credere
1067 1018 1143 1053 fieri
1164 1018 1251 1054 illam
1276 1023 1333 1054 aut
1357 1029 1433 1054 cum
1458 1018 1591 1054 silentio
1616 1023 1693 1064 post
1717 1030 1749 1053 v.
1776 1017 1853 1053 177.
1879 1019 1933 1053 ed.
1949 1018 2078 1053 Nauck.
2104 1022 2161 1053 aut
2184 1018 2289 1052 choro

187 1076 381 1109 accinente:

866 1126 1125 1175 ἀντιψάλμους
1148 1127 1246 1178 ᾥδιὶς
1269 1125 1390 1175 ῧμνον
1413 1128 1444 1165 τ’

759 1184 838 1220 180.
870 1182 1031 1232 Ἄσιήταν
1055 1195 1115 1221 σοι
1137 1183 1327 1232 βάρβαρον
1353 1183 1461 1229 ἰαχάν

870 1239 1048 1286 δεσποίνᾳ
1070 1239 1103 1284 γ’
1127 1238 1329 1283 ἐξαυδάσω,

866 1292 933 1330 ταν
956 1292 997 1330 ἐν
1019 1292 1223 1344 θρήνοισιν
1245 1296 1403 1340 μοῦσαν,

868 1350 995 1385 νέκυσι
1016 1350 1230 1395 μελομέναν
1253 1349 1320 1385 τάν
1342 1347 1384 1385 ἐν
1407 1348 1571 1394 μολπαῖς

861 1400 981 1446 ’Ἅιδας
1004 1401 1114 1450 ὕμνεῖ
1133 1405 1218 1450 δίχα
1241 1402 1420 1441 παιάνων.

871 1459 977 1504 οἴμοι
999 1464 1072 1495 ταῖν
1094 1457 1273 1507 Ἀτρειδᾶν
1295 1460 1406 1496 οἴκων

869 1512 971 1562 ἔρρει
995 1520 1077 1563 φαῖς
1102 1515 1298 1566 σκήπτρων
1321 1515 1437 1561 οἶμοι,

869 1570 973 1614 οἴμοι
995 1569 1177 1619 πατρῴων
1200 1570 1323 1606 οἴκων.

191 1629 283 1675 quod
308 1627 435 1662 chorus
460 1625 647 1661 Asiaticum
678 1635 776 1660 suum
801 1635 940 1661 carmen
965 1627 1062 1671 dicit,
1094 1627 1137 1663 de
1168 1637 1210 1662 ea
1237 1637 1279 1662 re
1308 1626 1416 1662 credo
1440 1626 1631 1662 Seidlerum
1655 1631 1691 1661 et
1713 1627 1940 1662 Her-mannum
1965 1627 2069 1662 falsos
2095 1638 2185 1662 esse.
2234 1628 2287 1661 hic

187 1688 278 1721 enim
302 1688 422 1719 contra
445 1683 551 1716 illum:
576 1691 690 1725 neque
716 1681 841 1716 oblitus
865 1692 957 1725 esse,
982 1684 1105 1727 inquit,
1128 1682 1299 1728 putandus
1323 1686 1378 1716 est
1401 1681 1581 1727 Euripides
1606 1681 1757 1716 Graecas
1782 1692 1863 1717 esse
1887 1682 1948 1717 has
1972 1682 2149 1727 mulieres,
2174 1692 2286 1728 neque

187 1741 338 1776 voluisse
357 1748 417 1773 eas
436 1736 620 1772 existimari
642 1746 706 1783 per
721 1736 967 1773 diuturniorem
989 1739 1024 1773 in
1039 1739 1121 1774 Asia
1138 1738 1438 1774 commorationem
1461 1738 1622 1788 adsuetas
1645 1738 1710 1773 iam
1729 1738 1883 1773 barbaris
1902 1739 2021 1782 modis,
2039 1750 2126 1784 quae
2144 1739 2286 1774 Seidleri

188 1798 388 1832 coniectura
412 1798 481 1830 est:
506 1793 571 1829 sed
594 1797 632 1828 ut
653 1793 843 1828 Taurorum
866 1804 966 1828 sacra
991 1794 1161 1829 obeuntes
1184 1795 1285 1828 etiam
1308 1794 1423 1839 lingua
1450 1797 1485 1827 et
1509 1798 1611 1828 cantu
1636 1793 1823 1828 Taurorum
1853 1795 1903 1828 uti
1925 1794 2106 1839 linguntur.
2153 1794 2187 1827 id
2210 1797 2285 1827 tra-

186 1854 287 1898 gicus
309 1851 355 1885 de
378 1858 488 1892 more,
512 1849 673 1893 quoniam
698 1857 766 1882 non
789 1848 914 1882 licebat
937 1848 1001 1882 alia
1025 1858 1126 1893 quam
1151 1848 1283 1883 Graeca
1305 1847 1421 1895 lingua
1443 1848 1503 1892 uti,
1524 1848 1639 1883 verbis
1656 1848 1865 1895 significavit.
1900 1853 2031 1883 rectum
2048 1849 2130 1883 vidit
2145 1848 2286 1884 Koech-

189 1909 290 1953 lyus:
316 1905 395 1950 quia
418 1904 568 1951 Phrygio
592 1903 695 1938 modo
715 1903 927 1939 canebantur
943 1908 979 1939 et
1004 1914 1080 1938 cum
1103 1903 1184 1938 tibia
1208 1904 1366 1950 Phrygia,
1390 1904 1484 1938 cuius
1507 1905 1647 1951 gravior
1662 1908 1738 1939 erat
1747 1914 1852 1940 sonus
1871 1905 1994 1948 addito!
2003 1901 2156 1948 κώδωνι,
2180 1914 2286 1939 cornu

187 1962 428 2008 Berecyntium
451 1960 536 1995 dixit
557 1959 717 1995 Horatius
741 1968 848 1994 carm.
872 1959 910 2003 l.‚
939 1958 1007 2003 18„
1032 1958 1075 1994 cf.
1099 1960 1201 1994 etiam
1225 1959 1325 2005 epod.
1350 1958 1384 1995 9.
1409 1959 1442 1994 5.

870 2019 1015 2050 sonante
1040 2015 1177 2049 mixtum
1201 2015 1289 2049 tibiis
1312 2024 1451 2049 carmen
1473 2013 1547 2059 lyra

926 2070 991 2106 hac
1015 2070 1146 2114 dorium
1169 2070 1232 2106 illis
1255 2070 1447 2106 barbarum.

188 2132 221 2165 in
246 2129 370 2164 eodem
394 2136 500 2162 versu
524 2126 612 2161 sitne
638 2122 748 2169 ἰαχάν
771 2127 805 2161 in
828 2122 925 2169 ἆχᾶν
949 2127 1143 2161 mutandum
1160 2128 1346 2170 quaeritur.
1387 2122 1602 2162 doetisfenim
1620 2124 1767 2159 Elmsleii
1784 2125 1827 2159 ad
1843 2125 1976 2159 Heracl.
1995 2125 2075 2158 752.
2094 2128 2130 2158 et
2146 2124 2286 2159 Nauckii

189 2186 232 2219 ad
256 2176 401 2220 uode-e
426 2180 508 2217 149.
531 2181 807 2216 adnotationibus
831 2180 992 2215 effectum
1017 2184 1082 2225 est,
1106 2184 1143 2215 ut
1167 2178 1255 2229 ἰαχή
1276 2180 1477 2217 substantivi
1500 2179 1737 2226 paenultimam
1762 2179 1852 2226 apud
1876 2180 2026 2227 tragicos
2050 2191 2187 2226 semper
2198 2191 2285 2226 pro—

189 2240 268 2276 duci
292 2241 438 2274 constet.
487 2236 538 2272 sic
560 2236 664 2283 igitur
686 2236 779 2272 bunc
800 2236 913 2272 locum
937 2237 1048 2273 metiri
1070 2238 1205 2282 nequis:
1230 2266 1286 2272 —
1308 2252 1377 2279 φ,
1398 2261 1467 2278 uu
1491 2262 1545 2270 ..
1568 2240 1605 2270 et
1626 2235 1824 2281 recipienda
1847 2236 1983 2271 videtur
2001 2236 2146 2271 Elmsleii
2162 2246 2287 2271 emen—

189 2297 281 2332 datio
305 2291 401 2338 ἀχάν
421 2292 617 2328 scribentis.
658 2293 759 2337 atqui
783 2301 911 2327 vereor
934 2303 978 2327 ne
1001 2289 1074 2340 ἤχη
1100 2292 1157 2328 vel
1179 2292 1298 2327 dorice
1321 2290 1402 2337 ἅχα
1420 2302 1488 2338 quo
1511 2301 1633 2327 somn
1656 2288 1892 2337 significabant
1915 2291 2050 2326 diversa
2074 2291 2117 2326 sit
2140 2291 2183 2326 ab
2200 2290 2288 2338 ἰαχή

188 2352 362 2386 hominum
383 2359 472 2384 voce
496 2352 639 2383 carente
663 2347 800 2393 quidem
824 2347 878 2383 illa
903 2347 1030 2391 verbis,
1055 2358 1143 2393 quae
1167 2352 1299 2384 certum
1322 2348 1492 2394 quendam
1515 2357 1654 2383 sensum
1679 2347 1928 2392 exprimerent,
1953 2347 2016 2381 sed
2039 2351 2152 2382 tamen
2174 2347 2285 2394 signi-

190 2409 314 2443 ficante
337 2405 498 2440 laetitiam
523 2403 679 2439 dolorem
703 2403 834 2438 similia.
882 2404 945 2455 cui.
966 2404 1237 2449 interpretationi
1269 2413 1341 2438 non
1368 2404 1573 2438 adversatur
1592 2402 1692 2447 quod
1720 2403 1823 2437 etiam
1847 2402 2051 2437 musicorum
2076 2402 2286 2438 instrumen-

188 2468 302 2497 toram
325 2468 433 2495 sonus
457 2455 546 2506 ἰαχή
567 2462 712 2494 vocatur
736 2462 774 2493 ut
796 2454 922 2493 αὖλαῖν
945 2468 965 2492 ιι
989 2458 1167 2494 Plutarcho
1190 2468 1276 2494 mor.
1292 2469 1325 2505 p.
1346 2458 1448 2494 1¹04.
1473 2469 1505 2493 e.
1540 2467 1617 2492 nam
1640 2458 1691 2492 eis
1716 2458 1817 2492 etiam
1840 2458 1993 2492 homines
2017 2457 2165 2503 produnt
2188 2459 2288 2493 animi

189 2516 392 2558 sententias,
415 2519 454 2550 ut
476 2514 632 2549 tibiarum
655 2514 807 2549 carmina
831 2517 867 2548 et
887 2512 983 2559 μέλη
1009 2510 1133 2549 αὐλῶν
1156 2514 1315 2550 dicuntur
1336 2524 1415 2549 cum
1438 2523 1539 2548 nemo
1564 2513 1671 2548 verba
1695 2513 1838 2548 accinat.
1880 2522 1957 2547 cum
1981 2512 2024 2548 sit
2045 2513 2148 2560 igitur
2170 2512 2287 2557 ἰαχεῖν

189 2575 247 2608 ubi
282 2572 369 2606 aliae
405 2570 507 2606 etiam
541 2579 600 2604 res
638 2569 816 2613 dicuntur,
855 2569 898 2604 ad
934 2578 997 2604 eos
1027 2562 1199 2605 sanandos
1231 2569 1381 2605 sortasse
1410 2573 1521 2615 aptam
1550 2578 1630 2604 esse
1661 2569 1895 2604 concesserim
1926 2568 2075 2603 Elmsleii
2102 2570 2285 2605 coniectu-

189 2639 279 2672 ram,
309 2636 376 2671 qua
403 2622 509 2669 ὀχεῖν
537 2624 788 2661 restituendum
820 2625 880 2668 sit,
910 2624 945 2659 in
973 2625 1035 2660 illis
1064 2635 1151 2660 vero
1183 2626 1330 2673 negabo.
1378 2634 1523 2670 namque
1553 2622 1641 2659 ἰῶτα
1672 2624 1803 2660 literam
1834 2624 2035 2671 saepissime
2058 2625 2286 2671 praepositam

189 2695 270 2721 esse
287 2681 404 2718 verbis
419 2690 509 2728 quae
526 2681 718 2727 inciperent
733 2690 752 2715 a
769 2680 882 2716 vocali
893 2685 952 2716 aut
966 2680 1132 2717 abiectam
1143 2681 1186 2717 ab
1203 2681 1332 2717 eisdem
1347 2681 1475 2725 verbis,
1502 2691 1579 2716 cum
1591 2668 1705 2721 ουλος
1718 2684 1831 2716 exstet
1853 2684 1890 2715 et
1905 2678 2035 2721 ἴουλος
2057 2680 2186 2725 similia,
2210 2691 2286 2717 cum

191 2739 347 2777 docuerit
371 2737 564 2773 Lobeckius
590 2737 632 2772 ad
659 2737 712 2772 Ai.
737 2735 830 2782 700.
855 2741 970 2772 tamen
996 2738 1165 2781 videntur,
1191 2741 1228 2772 ut
1251 2738 1286 2772 in
1310 2737 1466 2772 omnibus
1488 2736 1612 2783 linguis
1634 2737 1686 2771 sic
1709 2737 1743 2771 in
1769 2736 1901 2771 Graeca
1916 2736 2026 2779 etiam,
2051 2744 2092 2769 ea
2107 2736 2285 2781 vocabula,
