2453 3070
1063 109 1346 151 ..ῃ-

837 218 985 268 ῥίπτει
1006 219 1042 256 δ’
1065 216 1113 257 ἕν
1136 220 1311 256 πένθει

778 273 946 322 πέτρινα
958 269 1051 313 savii
1070 276 1159 333 δρία
1174 275 1410 323 manuvea.

327 316 459 377 Similes
482 349 606 375 versus
630 344 710 375 sunt
733 333 920 385 Sophoclis
938 341 973 376 in
982 332 1084 377 θοὰ.
1106 332 1148 376 Β.
1172 340 1255 376 464.
1279 350 1355 386 sqq.
1380 338 1434 374 ed.
1458 338 1573 373 Herm.

723 391 803 439 Τίς,
826 390 939 438 ἔφην’
962 394 990 433 ἅ
1008 391 1240 433 &semem-td
1256 393 1404 450 Δελφὶς
1425 385 1511 444 sirie
1534 392 1654 439 πέτρα

831 447 983 501 ἄρρητ’
1006 441 1210 505 ἀρρήτων

719 504 917 541 τελέσαντα
938 507 1123 552 ’φὀυνίαισι
1145 503 1294 554 χερσίνς

162 570 250 607 quos
280 564 471 608 sequuntur
498 564 571 596 tres
597 546 794 606 prosodiaci
824 561 882 596 vel
908 559 1070 612 gly'conei
1099 558 1388 610 pol'yschematisti
1411 573 1466 599 ,υ-
1491 577 1546 596 -ι,
1573 579 1640 597 νυ
1662 586 1720 593 -
1743 579 1772 595 υ
1790 556 1801 604 Ι
1818 583 1894 602 -.,
1918 558 1987 595 duo
2009 558 2145 596 dimetri
2166 571 2254 597 ana-

160 615 306 663 paestici
327 625 416 652 unus
440 616 665 663 prosodiacus
689 620 754 652 cat.
779 617 933 653 eiusdem
956 620 1138 654 mensurae
1161 622 1197 654 et
1218 614 1461 665 ithyphanicus.
1494 615 1647 652 eiusdem
1675 613 1810 650 fabulae
1834 624 1974 664 carmen
1999 613 2101 652 ¹086.
2123 626 2200 663 sqq.
2221 618 2256 653 ἰιι

161 682 231 717 quo
253 679 323 707 ιιοιι
347 676 402 707 est
424 682 518 718 pros.
544 672 664 718 spond.
690 677 755 707 cat.
780 673 990 709 saltatorium
1014 684 1094 710 esse
1117 679 1187 709 non
1211 674 1290 709 mihi
1313 673 1484 719 persuasit
1505 670 1700 706 Boeckhius
1722 662 1927 716 praesertim
1941 681 2018 706 cum
2032 670 2159 708 chorus
2180 673 2256 718 ipse

161 726 251 762 dicat
280 726 382 761 1090.
415 729 571 762 crastino
601 728 656 762 die
686 737 767 763 sese
796 728 993 764 saltaturum
1023 739 1114 765 esse.
1143 729 1179 766 in
1209 727 1386 776 Sophoclis
1409 726 1594 762 Philocteta
1616 726 1743 772 hymno
1772 725 1816 761 ad
1839 725 2002 762 Somnum
2024 727 2256 764 resumendus

162 791 242 818 esse
270 782 335 818 hos
360 792 484 818 versus
517 783 646 818 docere
670 784 807 819 videtur
830 781 1048 831 scholiastes,
1078 776 1136 831 qui
1163 785 1300 821 tertimn
1323 783 1486 830 strophae
1509 792 1648 818 versum
1671 781 1722 818 sic
1744 781 1898 817 exhibet.
1928 778 2062 818 εὐαίων
2084 770 2195 849 ω’ναε,
2219 789 2256 820 nt

162 848 281 874 omnes
304 838 380 873 libri
403 848 482 873 mss.
507 842 658 874 veteres.
684 839 889 875 Tricliniani:
912 837 1045 876 εὐαίων
1069 837 1203 877 εὐαίων
1225 837 1329 885 ἅναξ,
1355 839 1446 886 quod
1462 838 1676 874 Hermannus
1691 839 1825 884 recepit
1839 842 1968 873 mutato
1988 834 2108 881 M
2097 849 2133 874 ιιι
2146 827 2253 883 ὦναξ.

161 894 226 930 sed
248 892 328 929 nihil
350 897 426 929 erat
448 893 483 929 in
507 895 674 940 scriptura
697 899 852 931 veterum
874 896 1036 933 librorum
1059 893 1325 941 sollicitandum,
1347 896 1413 931 nisi
1437 895 1529 940 quod
1553 905 1598 930 ex
1622 903 1666 929 eo
1690 893 1748 939 qui
1771 894 1942 929 antecedit
1964 904 2071 929 versu
2081 892 2174 942 ἤμτν
2197 896 2254 932 ’m-

162 949 288 985 fertum
315 953 460 995 propter
488 949 719 1016 antistrophae
752 943 979 998 corruptelam
1008 953 1199 988 eiciendum
1229 955 1334 988 esset.
1365 951 1484 987 deberi
1514 954 1627 986 autem
1650 948 1786 984 videtur
1806 946 1898 995 ἡμῖν
1920 948 2182 995 interpretibus5
2206 952 2256 987 sic

161 1005 251 1040 enim
275 1004 491 1040 scholiastes.
515 996 649 1041 ευαίων
672 994 778 1048 ωναξ.
803 1003 971 1056 εὖμενῆς.
995 1007 1118 1048 καλῶς
1141 1005 1247 1052 ἄγων
1262 1006 1372 1053 ημῖν
1394 1005 1461 1041 τὸν
1485 1004 1620 1041 αἲαῖναε
1644 1004 1688 1040 ad
1712 1014 1802 1049 quae
1818 1007 1916 1039 recte
1930 1004 2162 1041 Hermannus:
2186 1016 2255 1042 non

163 1064 257 1107 optat
285 1061 429 1104 chorus,
452 1061 574 1105 inquit,
605 1065 642 1095 ut
663 1061 731 1096 sibi
759 1061 890 1097 faustus
915 1063 959 1098 ad
981 1061 1200 1098 Philoctetam
1224 1061 1367 1097 accedat
1390 1061 1555 1106 Somnus,
1578 1060 1642 1095 sed
1665 1063 1702 1096 ut
1725 1059 1790 1105 ipsi
1814 1060 1858 1094 sit
1880 1059 2087 1096 Philoctetae
2110 1061 2197 1098 lenis
2221 1067 2257 1098 et

162 1115 327 1161 placidus.
374 1116 409 1151 in
433 1116 646 1163 antistropha
670 1121 782 1153 autem
806 1119 916 1154 omnia
940 1119 1065 1166 optime
1088 1117 1281 1166 procedunt
1304 1119 1378 1155 sine
1402 1130 1455 1153 ων
1479 1113 1555 1153 δ’*
1528 1128 1575 1153 αν
1595 1112 1726 1164 ἅμείβη
1746 1116 2028 1161 interpretatione
2051 1104 2164 1160 aveas
2186 1129 2255 1154 vo·

162 1173 271 1209 culae.
319 1172 369 1207 sic
392 1172 496 1218 igitur
518 1173 660 1208 chorus:

254 1227 308 1263 ed.
333 1226 446 1261 Herm.
481 1226 561 1261 827.
587 1223 722 1292 εὗαής
744 1224 913 1271 ἔλθοις
1138 1227 1271 1266 εὐαίων
1294 1217 1392 1272 ωναξ

477 1281 559 1317 843.
584 1272 717 1324 αυθις
738 1282 871 1329 βαιαν
893 1285 976 1329 μοί
1141 1274 1309 1330 flama}
1328 1285 1459 1319 τέκνον
1628 1281 1757 1325 πέμπε
1781 1279 1901 1324 λόγων
1924 1279 2160 1327 φάμανκτὲ.

161 1338 285 1371 iterum
309 1338 472 1383 exiquam
495 1337 575 1372 milti
599 1339 762 1384 exiquam
781 1340 949 1385 filimctte
971 1350 1167 1376 sermonum
1191 1352 1322 1384 vocem,
1346 1340 1367 1375 i.
1393 1349 1424 1374 e.
1450 1338 1480 1374 si
1501 1338 1624 1383 iterum
1648 1336 1825 1372 locuturus
1850 1346 1900 1371 es.

330 1402 473 1437 Gravius
499 1407 552 1438 est
575 1403 667 1447 quod
691 1404 725 1438 in
750 1405 930 1439 saltatoriis
955 1405 1159 1449 carminibus
1182 1416 1363 1450 numquam
1386 1404 1545 1440 videntur
1568 1402 1694 1437 deesse
1717 1401 1751 1436 hi
1773 1411 1910 1436 versus.
1959 1401 2115 1436 addenda
2137 1406 2255 1439 censui

160 1456 267 1492 tribus
291 1456 491 1503 Sophocleis
515 1468 603 1503 quae
628 1468 731 1505 supra
755 1460 1019 1497 commemoravi
1039 1461 1204 1508 exemplis
1227 1461 1314 1497 haec
1338 1458 1539 1506 Euripiden.
1562 1457 1632 1494 Ion.
1656 1455 1739 1492 452.
1756 1467 1831 1503 sqq.
1856 1456 1927 1503 Iph.
1951 1456 2030 1493 Aul.
2058 1457 2160 1494 1043.
2180 1470 2253 1506 sqq.

160 1523 361 1558 quamquam
383 1514 565 1549 tristiorem
588 1514 688 1549 linem
709 1515 835 1551 hahent
859 1527 959 1562 quam
982 1520 1021 1551 ut
1044 1517 1087 1552 ad
1111 1517 1308 1552 saltationes
1332 1510 1517 1567 referenda¹
1534 1506 1724 1549 videantur.
1773 1514 1809 1547 in
1825 1512 1908 1547 lone
1926 1517 2107 1558 postquam
2124 1515 2253 1552 Creusa

159 1569 310 1603 narravit
330 1568 494 1615 Apollinis
518 1569 650 1605 facinus
673 1570 876 1617 Xuthusque
894 1569 1014 1607 retulit
1035 1581 1251 1619 responsum,
1276 1572 1444 1608 abiturum
1467 1564 1506 1606 se
1529 1568 1669 1615 Delphis
1693 1579 1771 1604 cum
1794 1567 1876 1613 filio,
1900 1568 2026 1605 chorus
2042 1569 2196 1607 Hinerva
2219 1578 2255 1608 et

159 1625 287 1669 Diana,
314 1629 353 1660 ut
376 1625 532 1660 dominae
558 1627 624 1661 sint
646 1627 814 1672 propitiae
837 1628 968 1663 vocatis
991 1628 1113 1664 beatos
1138 1629 1217 1664 dicit
1239 1632 1401 1673 parentes
1426 1627 1483 1671 qui
1505 1621 1621 1661 liberis
1645 1634 1715 1658 non
1738 1629 1897 1668 careant,
1928 1635 2198 1662 commemorans
2223 1630 2255 1662 in

159 1680 227 1714 fine
256 1680 359 1726 epodi
387 1680 531 1715 feminae
562 1681 607 1715 ah
627 1680 805 1727 Appolline
834 1683 987 1727 vitiatae>
1004 1682 1087 1719 feris
1116 1683 1307 1731 expositum
1336 1681 1508 1718 infantem.
1562 1683 1705 1727 propter
1735 1689 1813 1714 eum
1841 1678 1942 1715 finem
1971 1680 2159 1717 abhorrere
2190 1683 2254 1718 hoc

160 1746 299 1770 carmen
322 1746 341 1770 a
365 1737 544 1771 saltatione
567 1747 637 1771 ιιοιι
661 1738 815 1782 dixerim,
841 1739 918 1782 quia
941 1739 1068 1775 chorus
1091 1733 1249 1774 nondum>
1263 1739 1359 1774 novit
1381 1738 1468 1772 hanc
1491 1736 1658 1771 feminam.
1694 1744 1774 1768 esse
1798 1738 1911 1769 autem
1936 1735 2145 1771 saltatorium
2169 1748 2253 1772 cer—

159 1791 288 1825 tissime
312 1790 544 1826 demonstrant
566 1802 635 1827 vss.
660 1791 740 1827 495.
766 1803 839 1839 sqq.
864 1793 919 1829 ed.
943 1793 1072 1829 Nauck.

832 1856 895 1893 ἵνα
917 1857 1058 1904 χοροιῗς
1082 1858 1269 1904 στείβουσι
1290 1858 1428 1894 ποδοῒκν

832 1909 1023 1960 Ἀγραύλου
1043 1910 1155 1961 κόραι
1176 1913 1339 1960 τρίγονοι

836 1966 965 2004 στάδια
986 1967 1126 2016 χλοερὰ
1148 1968 1226 2016 πρὸ
1251 1966 1451 2010 Παλλάδος

832 2026 948 2060 vado
968 2025 1181 2072 συρίγγων

833 2077 891 2114 ὑπ.
910 2076 1040 2122 αἰόλας
1063 2079 1169 2125 ἰαχᾶς

832 2129 957 2179 ὕμνων
981 2131 1070 2179 ὅταν
1093 2132 1235 2177 asum
1298 2169 1301 2171 .

835 2190 1018 2237 συρίζης
1039 2180 1070 2226 ὅ
1092 2187 1197 2228 Πάν.

162 2258 196 2290 in
218 2256 392 2303 lghigenia
415 2255 527 2291 Aulid.
556 2266 632 2290 cum
660 2264 724 2300 per
748 2254 913 2291 Achillem
937 2259 1044 2291 totum
1067 2256 1111 2291 de
1134 2254 1313 2290 mactanda
1336 2254 1401 2289 filia
1423 2254 1690 2302 Agamemnonis
1713 2253 1889 2290 consilium
1913 2255 2142 2301 comperisset
2163 2257 2248 2305 cly-

162 2315 367 2357 taemnestra
394 2311 673 2358 promisissctque
706 2309 854 2346 Achilles
883 2320 948 2347 suo
976 2312 1101 2348 auxilio
1127 2312 1303 2349 servatum
1331 2311 1373 2346 iri
1400 2310 1610 2358 Iphigeniam
1632 2310 1756 2350 chorus
1779 2319 1857 2346 cum
1880 2309 2060 2347 saltatione
2083 2316 2123 2348 et
2144 2319 2249 2350 cantu

161 2366 274 2402 laudat
295 2366 435 2403 Achillis
463 2371 625 2414 parentes
655 2376 834 2413 opponens
862 2365 1064 2404 felicissimis
1085 2367 1179 2403 Pelei
1202 2367 1422 2413 Thetidisque
1444 2368 1569 2413 nuptiis
1597 2366 1699 2402 salsas
1721 2366 1917 2412 iphigeniae
1941 2367 2076 2413 nuptias
2099 2373 2248 2406 etue.

161 2424 250 2458 dem.
292 2424 349 2469 qui
371 2423 477 2461 tristis
499 2423 656 2458 carminis
677 2421 753 2457 finis
775 2422 947 2469 mitigatur
969 2433 1014 2459 eo
1035 2423 1129 2468 quod
1150 2423 1253 2465 modo
1274 2422 1426 2459 Achilles
1447 2423 1599 2469 promisit
1621 2420 1787 2456 auxilium.
1827 2420 1955 2457 attare
1978 2422 2121 2462 chorum
2143 2426 2247 2461 evin-

161 2482 243 2513 cunt
264 2478 369 2524 ipsius
392 2478 499 2514 verha
521 2478 596 2513 fere
618 2477 698 2512 nihil
719 2477 863 2518 dicentis
887 2487 988 2523 quam
1007 2478 1109 2515 tibias
1132 2478 1279 2515 citharas
1301 2478 1500 2515 saltationes
1523 2477 1614 2513 ethi
1636 2477 1846 2523 potissimum
1867 2487 2010 2514 versus:
2166 2505 2170 2509 .

385 2542 489 2579 1041.
511 2542 685 2589 Πιερίδες
705 2539 746 2577 ἐν
767 2540 863 2577 δαιτὶ
884 2542 990 2578 θεαῖν
1160 2541 1262 2578 1064.
1284 2540 1413 2588 μάντις
1435 2541 1461 2578 ὅ
1482 2542 1621 2587 Φοῖβος
1642 2539 1668 2576 ὅ
1684 2543 1837 2593 ,μουσᾶν

506 2594 830 2664 χρυσεοσάνδαλον
852 2595 957 2642 ἴχνος
1289 2595 1418 2639 εἶδός
1439 2594 1676 2642 γεννάσοις

507 2650 555 2689 ἐν
578 2655 630 2701 γᾷ
650 2649 909 2714 κρούουσαι.
1264 2653 1430 2699 -Χείρων
1454 2650 1697 2698 ἔξωνομασεν.

160 2728 281 2755 versus
311 2717 591 2764 antistrophicos‚
620 2728 716 2764 quos-
738 2709 905 2764 adsta-ipsi
933 2728 1011 2767 cum
1032 2728 1103 2754 non
1125 2719 1268 2766 possim
1275 2728 1388 2778 neque
1412 2718 1587 2766 explicare
1609 2722 1727 2764 neque
1749 2729 1892 2766 sanare,
1916 2719 1990 2755 hoc
2011 2719 2106 2756 mihi
2111 2720 2249 2758 videtur

163 2778 295 2810 certum
319 2784 402 2811 esse
423 2770 611 2819 γεννάσεις
634 2774 879 2811 substantivum
901 2776 997 2818 οπο·
1020 2774 1136 2810 solent
1157 2774 1257 2810 enim
1269 2784 1375 2811 anam
1396 2774 1599 2867 senteigiam
1622 2762 1797 2812 exhihere
1810 2775 1846 2812 hi
1864 2785 2000 2812 versus.
2045 2776 2122 2813 sine
2144 2777 2249 2819 dnbio
