2453 3070
1069 118 1431 166 -u--‚

779 221 1084 272 ἀφυδρανάμενοι
1103 225 1261 270 oraim
1280 222 1407 266 νιιοδς.

781 278 900 325 στόμα
921 279 953 316 τ’
975 276 1150 331 εὔφημον
1171 279 1360 327 evovae&
1385 277 1547 325 ἀγαθόν,

778 332 909 383 φήμας
930 333 963 373 ι’
984 332 1131 380 ἀγαθὰς
1289 343 1293 346 ’

774 393 854 431 τοῖς
875 387 1075 430 &elom
1095 388 1352 436 msto-‘hu

778 443 953 494 ’'2⁴15quv
967 445 1064 487 ἰδίας
1084 443 1321 492 ἀποφαίνειν.

162 502 191 538 is
215 502 305 538 enim
329 501 507 538 adlocutus
531 506 586 538 est
607 500 750 536 famulos
774 504 810 536 et
832 501 1027 546 nominavit,
1049 500 1224 548 Iphigenia
1247 510 1317 537 non
1339 499 1442 536 inodo
1465 510 1535 535 non
1564 499 1750 535 nominavit
1777 498 1916 534 ancillas
1945 498 2008 534 sed
2031 499 2133 535 etiam
2154 508 2252 534 mas-

162 558 275 594 culino
299 567 431 604 genere
455 566 519 593 usa
543 557 628 592 alios
652 560 749 592 certe
773 557 881 604 magis
905 557 1099 603 adlofflitur
1121 567 1223 603 quam
1245 556 1337 607 Hbs.
1382 554 1475 601 qnod
1500 558 1618 595 autem
1647 555 1802 600 sequitur
1830 550 2038 603 κλῃδούχου
2061 550 2177 590 δούλα
2202 554 2252 589 sie

162 622 299 659 semper
327 613 479 651 intellexi
506 616 545 648 ut
571 613 616 649 sit
639 613 779 649 Dianae
801 613 968 656 annisu-n
997 612 1098 659 plane
1127 613 1218 652 enim
1244 614 1311 652 iem
1331 611 1500 651 refutavit
1528 611 1745 649 nemineum
1767 610 1907 648 Bothius
1931 610 1976 646 ad
1997 610 2030 647 h.
2054 611 2078 646 Ι.
2101 614 2254 646 conten-

163 669 301 708 dentem
323 669 389 707 nisi
413 678 433 706 a
456 669 737 716 serioribusnon
759 669 878 708 ‚vocari
906 668 990 706 deas
1011 664 1260 717 κληδοιῖχους,
1290 672 1327 704 et
1353 667 1549 714 Iphigeniae
1578 677 1660 704 sese
1683 677 1811 711 ,servas
1839 666 1958 703 dicere
1987 666 2084 702 chori
2112 665 2254 701 feminas

162 723 277 760 durius
300 724 378 760 mihi
399 723 546 768 videtur,
572 734 772 770 quamquam
795 725 995 760 scholiastes
1009 723 1280 770 θεραπαινίδας
1300 721 1441 772 ιῆςἸφ.
1467 723 1557 763 dicit.
1582 727 1617 759 at
1633 725 1841 761 ,necessario
1863 722 2057 759 tribuuntur
2071 721 2106 757 hi
2128 731 2253 757 versus

162 779 287 824 choro,
317 780 395 825 quia
423 779 528 815 debet
557 780 587 816 is
618 780 662 816 ad
691 780 851 825 templum
881 780 968 815 deae
999 779 1170 820 accedens
1187 790 1269 820 ,eam
1296 780 1389 825 ptius
1405 779 1568 814 revereri
1590 789 1692 825 quam
1714 779 1823 815 verba
1845 778 1947 815 iaciat
1970 778 2014 813 ad
2035 777 2254 823 Iphigeniam.

162 845 299 870 versum
323 833 401 870 130.
430 835 486 870 ed.
510 834 623 870 Herm.
655 834 815 870 mutando
843 835 1027 870 verborum
1055 834 1176 875 ordine
1203 835 1391 875 sanandum
1420 844 1501 873 esse
1527 838 1673 871 constat.
1697 838 1737 870 ut
1759 833 1958 873 Karnando
1982 837 2019 869 et
2040 832 2254 868 Lachmanno

161 895 208 930 tr.
225 900 280 938 gr.
303 900 332 927 s.
348 901 388 937 p.
411 888 469 926 2⁷.
492 890 539 928 ita
562 901 607 927 ne
630 890 709 927 mihi
732 890 867 936 quidem
890 890 1013 927 durum
1035 890 1211 930 videretur
1233 890 1324 931 hunc
1347 901 1486 927 versum
1506 891 1646 930 recitari
1671 895 1842 936 tamquam
1864 890 2130 936 paroemiam,
2152 888 2254 924 modo

162 946 332 986 sententia
355 950 584 993 congrueret,
615 946 660 982 ob
689 947 901 993 eandemque
930 956 1087 982 caussam
1109 945 1247 993 Bergkii
1275 947 1522 991 coniecturam,
1553 957 1620 992 qua
1643 948 1711 987 σᾶς
1733 946 1850 982 addito
1875 947 1966 982 bunc
1990 955 2169 984 numerum
2189 954 2253 979 re-

163 1002 270 1040 stituit
290 1027 357 1044 νυ
381 1018 438 1038 —v
459 1028 528 1044 ,Ν
550 1017 620 1045 φ,
638 1027 706 1045 ,υ
726 1017 795 1044 «Ν
818 1030 875 1037 -
897 1026 954 1035 -.
975 1001 1184 1040 reiciendum
1206 1012 1288 1041 esse
1313 1002 1459 1038 arbitror
1466 1014 1477 1045 ;
1510 1002 1728 1038 scribendum
1752 1002 1846 1048 quod
1873 1002 1940 1037 iam
1962 1001 2138 1039 Seidlerns
2166 1009 2253 1046 pro-

163 1063 341 1104 posuerat:
373 1056 475 1099 ὅσίας
499 1054 605 1095 ὅσιον
633 1056 736 1095 πόδα
767 1058 989 1103 παρθένιον.
1039 1057 1166 1093 breves
1189 1058 1280 1093 enim
1302 1058 1449 1104 syllabas
1472 1058 1527 1093 hic
1549 1069 1620 1094 non
1643 1069 1749 1104 posse
1775 1058 1922 1104 produci
1943 1061 2087 1104 propter
2108 1056 2254 1092 adlocu-

163 1115 288 1150 tionem
311 1117 408 1150 recte
432 1114 516 1150 dixit
537 1114 770 1149 Lachmannus
794 1114 928 1148 ibidem.
976 1113 1088 1159 prodit
1111 1117 1226 1148 autem
1249 1113 1374 1150 chorus
1397 1114 1431 1149 in
1453 1113 1520 1149 hoc
1543 1114 1728 1160 primordio
1754 1124 1824 1150 non
1845 1119 1914 1150 tam
1937 1114 2150 1158 maestitiam,
2172 1111 2253 1147 nul·

163 1171 229 1206 lam
260 1171 349 1206 enim
377 1180 500 1215 passus
531 1174 585 1205 est
614 1181 724 1216 nuper
747 1170 980 1212 calamitatem,
1005 1169 1068 1204 sed
1091 1169 1217 1205 seriam
1240 1170 1340 1205 animi
1363 1170 1407 1205 ad
1429 1178 1488 1205 res
1512 1170 1643 1205 divinas
1666 1171 1830 1206 conversi
1853 1170 2105 1213 condicionem,
2129 1178 2253 1213 quam-

163 1236 264 1272 quam
297 1229 343 1270 ut,
363 1225 424 1260 lon
454 1226 488 1261 in
522 1226 615 1261 initio
651 1225 861 1273 cognominis
892 1224 1026 1260 fabulae
1062 1234 1158 1260 suam
1188 1234 1325 1270 quoque
1354 1226 1485 1261 tristem
1518 1230 1648 1263 sortem
1683 1225 1851 1273 significat
1880 1226 1916 1261 in
1952 1226 2019 1261 line
2053 1223 2254 1270 systematis.

163 1287 232 1318 tum
253 1281 448 1328 Iphigeniae
474 1282 665 1317 advenienti
689 1282 822 1317 obviam
846 1280 1000 1328 graditur
1023 1290 1099 1315 cum
1122 1284 1309 1326 systemate
1330 1281 1493 1329 legitimo,
1517 1282 1581 1318 nisi
1605 1282 1697 1327 quod
1720 1279 1903 1323 ἐλθόντος
1916 1280 2043 1329 κλεινᾷ
2059 1280 2127 1315 σῦν
2142 1277 2250 1325 κώπᾳ

163 1347 285 1374 versus
317 1341 414 1373 caret
445 1347 602 1372 caesura.
650 1338 685 1372 in
714 1337 765 1372 his
793 1333 923 1380 ἄγαγες
950 1336 1106 1372 iteratum
1134 1336 1259 1376 tamdiii
1287 1335 1402 1372 fucum
1427 1337 1554 1373 fecisse
1577 1338 1821 1383 interpretibus
1844 1339 1965 1373 miror:
1990 1337 2069 1372 talia
2093 1337 2201 1379 enim,
2224 1337 2254 1370 si

164 1398 299 1429 actores
327 1392 494 1428 fudissent
517 1393 550 1427 in
576 1392 697 1428 sabulis
721 1392 931 1438 Euripideis,
961 1400 1030 1429 non
1054 1401 1141 1438 opus
1169 1396 1246 1429 erat
1268 1391 1516 1439 Aristophanes
1538 1397 1578 1429 ut
1600 1394 1793 1441 exagitaret
1817 1397 1852 1429 et
1876 1396 2110 1440 exaggeraret
2130 1392 2164 1427 in
2188 1400 2254 1426 co-

166 1450 321 1493 moediis,
343 1452 380 1483 ut
405 1448 539 1484 Thesm.
566 1448 668 1483 1065.
692 1458 767 1493 sqq.
797 1458 874 1482 nam
898 1447 990 1492 quod
1012 1447 1204 1493 Koechlyus
1227 1448 1262 1487 in
1286 1448 1341 1483 ed.
1365 1448 1397 1483 h.
1422 1448 1446 1483 f.
1469 1449 1582 1484 Berol.
1608 1449 1699 1483 1863
1722 1450 1960 1494 repetitionem
1984 1448 2137 1484 eiusdem
2159 1446 2257 1482 verbi

164 1505 320 1540 crebram
348 1504 436 1539 illam
464 1505 499 1539 in
527 1504 642 1550 lyricis
676 1503 828 1549 partibus
863 1502 1051 1538 fabularum
1083 1503 1314 1549 posteriorum
1341 1503 1510 1550 Euripidis
1544 1504 1599 1539 hic
1630 1505 1823 1551 significare
1854 1504 1936 1540 dicit
1964 1503 2254 1550 perturbationem

166 1561 334 1608 quandam
358 1560 465 1605 chori,
490 1560 581 1605 quod
603 1560 716 1595 subito
740 1559 784 1595 sit
807 1559 850 1594 ad
874 1558 1033 1604 templum
1056 1563 1211 1603 vocatus,
1234 1560 1268 1594 id
1291 1559 1441 1605 probare
1464 1570 1613 1605 nequeo.
1660 1561 1764 1596 ineo
1789 1562 1846 1605 qui
1870 1561 2027 1605 sequitur
2048 1568 2155 1595 versu
2178 1569 2254 1593 cum

163 1616 414 1664 perspicuitatis
438 1625 561 1650 caussa
586 1615 771 1650 addidisset
793 1615 962 1659 interpres
984 1615 1053 1648 τοῦ
1073 1616 1149 1658 τᾶς,
1173 1615 1260 1651 alter
1282 1614 1419 1650 iteravit
1441 1612 1569 1659 ἄγαγες
1592 1616 1691 1650 metri
1716 1626 1839 1651 causa:
1863 1619 2014 1660 utroque
2038 1614 2153 1651 deleto
2176 1623 2254 1648 ma·

162 1674 252 1709 xime
282 1671 451 1707 adiuveris
477 1674 624 1716 poetam.
671 1671 761 1706 idem
790 1669 890 1704 video
913 1669 1067 1705 sensisse
1090 1669 1275 1715 Bergidum
1303 1671 1338 1705 in
1361 1669 1482 1705 Museo
1507 1670 1615 1705 Rhea.
1644 1671 1745 1706 xvu.
1774 1682 1808 1716 p.
1836 1671 1917 1705 595.
1947 1682 2024 1706 cum
2052 1674 2166 1706 numm
2193 1671 2256 1709 τῆς

164 1728 265 1763 modo
289 1731 326 1762 et
346 1736 450 1761 unum
472 1723 601 1770 ἄγαγες
624 1725 820 1770 delevisset,
844 1724 1015 1760 constituit
1037 1724 1276 1770 prosodiacum
1300 1725 1520 1770 spondiacum
1544 1725 1777 1761 catalecticum
1801 1726 1855 1762 hic
1879 1726 2013 1762 minime
2037 1725 2217 1762 ferendum

1023 1778 1152 1828 κλεινᾷ
1175 1778 1245 1816 miv
1267 1776 1385 1828 κώπᾳ.

329 1837 368 1877 ln
390 1837 564 1882 lamentis,
595 1846 683 1882 quae
703 1839 913 1881 sequuntur,
942 1835 1137 1883 Iphigeniae
1167 1836 1226 1872 vix
1254 1836 1413 1872 videntur
1441 1837 1578 1873 secerni
1600 1847 1706 1884 posse
1737 1839 1853 1884 spuria
1883 1848 1904 1875 a
1932 1839 2092 1887 genuinis
2121 1842 2157 1873 et
2184 1838 2249 1873 ad·

162 1895 405 1943 quiescendum
421 1894 457 1930 in
470 1893 653 1929 llermanni
668 1893 825 1928 lectione.
849 1890 871 1928 ἔ
883 1889 905 1928 ἔ
913 1896 1039 1938 autem,
1055 1892 1148 1938 quod
1162 1892 1289 1940 legitur
1304 1897 1385 1929 ante
1396 1889 1549 1939 ἀλύροις
1564 1891 1718 1939 ἐλέγοις,
1735 1905 1863 1933 vereor
1877 1899 1916 1932 ut
1931 1896 1975 1931 ab
1989 1895 2148 1941 Euripide
2163 1903 2251 1940 pro-

164 1954 290 1989 fectum
313 1952 367 1987 sit.
415 1961 478 1986 eae
503 1951 590 1984 enim
612 1949 883 1985 exclamationes
907 1958 985 1983 cum
1008 1948 1146 1994 saepius
1169 1949 1260 1995 apud
1283 1950 1435 1996 tragicos
1457 1950 1658 1997 legerentur
1688 1960 1799 1996 eaque
1822 1962 1892 1988 vox
1915 1955 2036 1998 quater
2057 1952 2158 1987 etiam
2180 1951 2252 1985 ite·-

163 2013 236 2045 rata
261 2007 350 2054 apud
372 2006 592 2052 Aeschylum,
615 2010 654 2041 ut
678 2005 818 2051 Septem
843 2004 921 2040 150.
942 2004 1022 2040 154.
1041 2004 1119 2040 155.
1144 2009 1180 2040 et
1203 2016 1280 2040 cum
1302 2004 1390 2041 falso
1414 2006 1636 2051 opinarentur
1658 2003 1783 2050 ἔλεγος
1805 2008 1996 2043 ducendum
2020 2018 2102 2044 esse
2125 2007 2168 2042 ab
2192 2004 2213 2041 ἔ
2229 2004 2252 2041 ἔ

162 2064 294 2108 λέγειν,
320 2073 420 2107 quam
442 2062 620 2096 multorum
645 2061 718 2095 sine
742 2061 844 2095 dubio
869 2060 1062 2105 opinionem
1084 2060 1199 2095 retulit
1222 2061 1371 2105 scriptor
1392 2061 1618 2107 Etymologici
1641 2061 1756 2107 Magni
1778 2073 1812 2107 p.
1835 2062 1916 2097 326.
1940 2062 2017 2106 49„
2045 2062 2252 2108 Byzant'mns

162 2119 279 2155 nescio
304 2118 379 2163 quis
402 2117 485 2151 noni
508 2116 564 2151 vel
588 2116 710 2150 decimi
733 2115 841 2150 seculi
864 2115 1004 2150 easdem
1017 2114 1083 2150 «hic
1105 2114 1351 2167 adscribendas
1379 2126 1459 2151 esse
1482 2117 1624 2161 putavit.
1671 2127 1837 2162 nusquam
1865 2122 1978 2153 autem
2006 2118 2164 2153 videntur
2188 2114 2210 2152 ἒ
2232 2113 2253 2151 ἔ

163 2179 199 2211 et
220 2172 342 2218 ἔλεγοι
369 2173 549 2208 coniuncta
571 2172 658 2217 legi,
683 2171 713 2206 si
737 2171 779 2205 ab
803 2171 870 2206 hoc
893 2171 971 2206 loco
995 2170 1208 2206 discesseris.
1256 2167 1382 2215 ἔλεγος
1411 2181 1497 2206 vero
1520 2172 1725 2207 vocabulum
1748 2183 1826 2208 cum
1847 2172 2048 2219 lugubribus
2071 2173 2157 2218 ipsis
2179 2173 2253 2208 istis

162 2230 270 2266 modis
292 2238 372 2264 esse
393 2227 565 2263 Asiaticae
589 2227 732 2272 originis
755 2226 970 2261 doctissimus
994 2227 1138 2271 qu'uque
1161 2226 1271 2261 credit
1293 2226 1407 2261 hodie.
1438 2226 1526 2261 illam
1549 2237 1635 2263 vero
1659 2228 1897 2273 etymologiam
1919 2228 1963 2263 ab
1986 2233 2132 2273 utraque
2154 2232 2253 2273 parte

162 2285 280 2322 falsam
304 2294 384 2320 esse
406 2286 477 2318 tum
501 2282 574 2317 aliis
596 2285 666 2316 tum
690 2291 734 2316 eo
757 2281 933 2327 probatur,
957 2281 1049 2326 quod
1072 2277 1126 2316 ἒέ
1146 2292 1253 2317 voces
1276 2282 1476 2328 saepissime
1494 2292 1559 2328 pro
1574 2282 1688 2330 longis
1708 2286 1797 2318 sunt.
1837 2283 1952 2328 itaque
1969 2284 2109 2330 proprie
2127 2284 2268 2331 longae·

162 2342 310 2384 mei-unt,
327 2348 370 2374 ea
387 2343 500 2374 autem
517 2338 610 2384 lege,
628 2347 695 2382 qua
712 2337 842 2373 vocalis
859 2341 937 2373 ante
956 2336 1111 2377 vocalem
1124 2338 1309 2384 ,corripitur
1325 2341 1361 2373 et
1377 2338 1471 2384 prior
1488 2341 1525 2373 et
1539 2342 1684 2384 utraque
1702 2338 1870 2375 interdum
1884 2339 2000 2376 brevis
2016 2344 2082 2378 esu
2106 2349 2253 2384 nmque

163 2394 185 2433 ἔ
204 2397 261 2432 vel
284 2392 323 2438 ἕ,
353 2399 391 2429 ut
417 2394 618 2440 plerumque
647 2396 787 2428 veteres
810 2403 890 2428 mss.
913 2392 990 2434 libri
1014 2391 1193 2437 exhibent,
1216 2394 1250 2428 si
1273 2393 1354 2438 quid
1376 2393 1495 2437 video,
1526 2398 1581 2429 est
1607 2398 1690 2428 nota
1720 2403 1783 2439 pro
1804 2393 2022 2442 »diphthongo
2050 2405 2086 2430 ει
2114 2399 2174 2431 aut
2200 2405 2251 2429 αι.

162 2451 312 2499 Koppius
336 2449 426 2487 enim
447 2448 622 2496 palaeogr.
643 2447 700 2484 111.
723 2459 756 2494 p.
781 2446 861 2483 4⁷2.
886 2457 961 2494 sqq.
984 2445 1270 2495 nuissaepissime
1291 2459 1335 2485 xe
1363 2450 1527 2496 scriptum
1549 2450 1693 2485 inveniri
1721 2449 1871 2489 ostendit
1891 2454 1929 2486 et
1948 2447 2084 2487 κάππα
2105 2451 2252 2487 litteram

162 2518 239 2545 eum
267 2517 286 2542 e
310 2516 378 2541 uno
405 2506 507 2551 signo
535 2505 749 2540 coniunctam
780 2514 845 2548 pro
874 2502 936 2538 mi
963 2513 1035 2542 non
1057 2506 1233 2539 inesse
1252 2505 1427 2540 scribendi
1449 2505 1685 2549 compendium
1708 2505 1794 2539 dixit
1817 2515 1918 2549 quam
1942 2510 2137 2551 corrupta·
2158 2508 2252 2543 scri-

160 2561 265 2600 bendi
291 2560 474 2603 rationem
500 2560 583 2595 item
610 2559 646 2594 in
675 2558 921 2604 sepulcralibus
946 2558 1171 2602 monumentis
1192 2561 1308 2595 aim
1328 2559 1399 2607 legi
1421 2570 1516 2596 acute
1541 2563 1576 2595 et
1596 2569 1687 2595 nete.
1733 2559 1814 2595 hinc
1835 2556 1858 2596 ἔ
1877 2560 1933 2597 vel
1956 2557 1983 2596 ἕ
2004 2562 2162 2608 suspicor
2185 2572 2253 2608 pa-

160 2620 244 2656 riter
265 2616 341 2652 fere
363 2616 623 2662 pronunciatum
646 2625 726 2651 esse
750 2619 852 2660 atque
875 2614 933 2652 hei
953 2614 1160 2650 Latinorum.
1194 2611 1217 2650 ἔ
1237 2619 1349 2651 autem
1371 2615 1487 2650 brevis
1510 2615 1637 2650 vocalis
1660 2614 1763 2652 tuerit
1785 2626 1871 2652 sane
1893 2618 2103 2663 gementium
2126 2623 2162 2653 et
2185 2628 2254 2654 oc-

161 2675 250 2710 culte
266 2671 528 2717 suspirantium,
557 2681 679 2706 eorum
702 2674 798 2706 certe
821 2680 1021 2714 numquam,
1049 2670 1107 2715 qui
1135 2670 1289 2706 dolorem
1317 2670 1467 2705 clamore
1497 2670 1604 2705 edere
1628 2670 1800 2706 volebant.
1848 2672 1912 2708 sed
1935 2673 2082 2709 viderint
2104 2683 2160 2708 me
2183 2673 2254 2709 do·

160 2729 303 2765 ctiores:
325 2727 398 2765 -hoc
426 2725 505 2761 loco
533 2722 555 2761 ἒ
582 2722 620 2769 ἔ,
648 2726 807 2772 quoniam
835 2735 912 2761 cum
942 2721 1085 2770 ἐλέγοις
1112 2725 1294 2765 coniuncta
1321 2728 1503 2772 praeterea
1532 2724 1616 2767 dixit
1644 2736 1764 2773 nemo,
1794 2727 1980 2765 tollendum
2011 2733 2047 2765 et
2076 2727 2255 2765 οἴκτοισιν

157 2784 321 2821 librorum
343 2782 510 2829 scriptura
535 2782 731 2817 revocanda
754 2786 818 2818 est.
868 2782 919 2818 sic
940 2780 1050 2818 habeo
1071 2780 1308 2826 paroemiacos
