2453 3070
1086 99 1340 139 ...9-

143 203 329 246 'numerian
349 204 628 250 repudiaverunt,
652 208 690 239 ut
710 204 967 241 Schoenaannus
988 204 1025 239 in
1047 204 1185 241 scholiis
1208 204 1252 240 ad
1280 205 1398 240 louein
1427 205 1525 240 editis
1557 215 1635 239 cum
1665 203 1863 239 invitatione
1892 202 1936 237 ad
1966 200 2122 237 natahcia
2154 202 2250 247 regia

151 257 314 296 Friderici
342 258 649 305 Gu.1V.Grypb.
680 258 773 295 1860
803 259 994 305 anapaestis
1022 258 1111 295 Ion'n
1145 255 1321 307 templum
1330 260 1510 307 purgantis
1538 259 1660 320 inserit
1680 258 1855 323 docharius
1878 267 1913 294 v.
1939 255 2018 293 147.
2044 253 2123 292 us.
2147 265 2253 292 vem

152 314 230 351 153.
253 315 372 351 cretici
395 315 496 350 etiam
519 313 681 350 finiuntur
703 313 859 361 spondeo
1740 343 1788 358 χχ

876 380 919 409 ος
941 364 994 404 ἐπ’
1016 366 1110 413 ἐμὰν
1133 366 1246 404 πόλιν
1269 365 1338 416 ἔβα
1360 369 1511 416 πέρσων

149 434 251 470 quem
274 435 343 460 non
366 423 548 460 delendum
571 433 652 459 esse
676 433 754 458 cum
776 422 819 466 A.
843 422 996 459 Naackio
1018 415 1164 476 ἰιᾪιιιιι
1187 424 1268 460 Ειιι.
1294 425 1420 460 docent
1450 426 1562 461 exitus
1587 433 1749 460 versuum
1780 421 1859 461 184.
1890 421 1970 457 192.
1961 448 1984 467 .,
2012 422 2139 468 quibus
2168 419 2245 456 ne-

148 480 256 516 mesin
277 478 395 516 lovem
413 478 555 515 Dianam
576 479 612 515 in
632 483 713 515 vota
736 483 850 514 vocat.
962 481 965 483 ’

782 534 860 570 184.
895 533 1165 581 μεγαλαγορίαν
1187 532 1404 582 ιῖπερᾶνορα
1426 536 1617 581 κοιμίζεις.

147 590 367 637 anapaestico
390 589 535 626 dimetro
557 590 694 626 additur
716 590 908 636 spondeus3
931 600 1003 626 non
1026 593 1097 636 est,
1120 594 1159 627 ιιι
1179 590 1374 627 Dindorfius
1397 591 1486 638 vult,
1510 596 1620 627 metra
1642 589 1768 626 Aesch.
1793 593 1862 625 etc.
1886 599 1920 635 p.
1943 587 2026 624 275.
2050 586 2247 633 dactybce-

147 646 376 682 doclnniacus.
406 646 498 691 quod
528 647 640 693 genus
671 646 845 682 diversum
874 650 929 681 est
957 646 999 681 ab
1021 645 1330 694 iscbyorrhogicis,
1357 657 1442 693 quas
1465 648 1679 683 Hermannus
1704 647 1802 690 dixit,
1830 655 1994 681 versuum
2022 643 2182 680 ciausulis
2213 647 2250 677 et

148 702 331 748 praecipue
356 701 538 736 adhibitum
560 702 595 736 ιιι
618 702 778 748 precibus
802 705 839 736 ut
862 701 934 738 lon.
960 700 1064 737 1060.
1093 699 1196 750 πλην
1218 704 1292 737 τῶν
1315 698 1507 746 εὐγενετᾶν
1532 699 1775 749 Ἐρεχθειδᾶν
1804 705 1840 737 ει
1863 700 2023 747 Sophocl.
2054 699 2134 734 Ant.
2163 697 2246 733 839.

146 754 400 803 ξυμμάρτυρας
422 752 512 801 ὔμμ’
537 754 753 802 ἐπικτῶμαι.

849 811 928 847 192.
944 808 1086 857 Ἄρτεμι
1106 787 1341 848 δουλοσύναν
1364 812 1501 859 tamma».
1530 851 1533 853 ,

146 871 201 903 est
224 866 391 913 dactylica
415 867 559 913 tripodia
585 868 683 903 catal.
709 878 785 903 cum
809 868 977 914 spondeo.

311 922 380 957 Iam
402 933 489 957 vero
512 933 647 958 manum
672 924 715 958 de
739 923 862 958 tabula.
893 927 930 958 ιιι
953 922 1021 958 sint
1042 923 1076 957 in
1099 922 1151 957 bis
1175 922 1399 967 coniecturis,
1425 934 1513 968 quae
1538 924 1596 959 tibi
1619 934 1689 959 ιιοιι
1712 923 1918 969 probentur,
1941 921 2045 958 modo
2068 921 2240 957 concedas

144 981 252 1013 metra
275 977 469 1025 Euripidem
493 978 644 1026 elegisse
666 983 702 1014 et
726 978 836 1014 electa
863 978 1064 1015 tractavisse
1087 987 1152 1025 pro
1175 974 1369 1025 argumenti
1392 979 1536 1015 ratione.

1162 1165 1231 1214 ΙΙ.

71 1260 75 1263 “
144 1265 425 1297 Pro-odino·
445 1265 696 1304 spondi-e·
718 1265 992 1296 catalectico
1010 1266 1179 1303 trade!
1206 1268 1371 1304 poetae
1391 1267 1602 1296 ιιιιιιι-ι·
1619 1265 1673 1297 1-
1701 1266 1899 1297 ιιι-ιιοιι
1925 1268 1973 1297 et
1999 1266 2052 1296 1-
2077 1271 2241 1296 non·-
2450 1294 2453 1319 ³

314 1311 406 1342 du·
423 1314 469 1343 et
488 1312 772 1350 commis,1n
792 1311 1055 1343 ult-mii·
1072 1311 1366 1349 euml-lhu-
1385 1313 1633 1352 soph-aues
1658 1316 1705 1344 et
1728 1313 1976 1351 Eua-apide·
2002 1315 2241 1349 tna-qu·-

314 1359 523 1389 romula
542 1366 636 1395 qua
655 1358 729 1388 del
749 1360 988 1388 vocentur.
1008 1358 1063 1388 de
1084 1359 1185 1389 Ιοιι.
1203 1358 1338 1388 8⁸.—
1346 1359 1448 1389 052

311 1434 418 1475 Quam
447 1434 551 1480 igitur
573 1434 763 1469 Boeckliius
793 1434 992 1469 monstravit
1018 1434 1108 1469 viam
1133 1438 1169 1469 et
1197 1434 1340 1480 praeivit
1370 1435 1404 1469 in
1433 1435 1680 1470 constituendis
1709 1435 1894 1470 Pindaricis
1923 1433 2059 1478 metris,
2083 1443 2125 1468 ea
2149 1441 2236 1478 per·

142 1490 291 1538 gendum
314 1494 368 1526 est
392 1489 492 1524 etiam
515 1490 550 1524 in
572 1489 751 1535 Euripide:
776 1499 958 1535 numquam
981 1494 1091 1525 metra
1113 1490 1326 1526 restituenda
1349 1494 1445 1535 sunt,
1470 1500 1559 1535 quae
1588 1501 1659 1526 non
1681 1491 1844 1526 adiuvent
1866 1494 1903 1526 et
1930 1490 2097 1526 illustrem
2127 1498 2238 1536 arg-n-

141 1551 290 1581 mentum
313 1546 376 1581 sed
397 1546 583 1590 impediant
605 1550 640 1579 et
664 1546 859 1581 obscurent.
890 1546 1042 1580 eiusdem
1069 1547 1204 1593 egregii
1232 1547 1297 1582 viri
1319 1546 1515 1593 Antigonae
1549 1547 1732 1582 editionem
1755 1552 1793 1582 et
1815 1547 2016 1592 praesertim
2040 1556 2129 1591 qnae
2154 1545 2239 1581 dixit
2449 1558 2453 1625 ³

143 1602 186 1636 de
209 1601 376 1635 Bacchico
400 1601 549 1634 carmine
574 1610 651 1635 cum
680 1601 859 1636 saltatione
888 1601 1086 1636 coniuncto:
1115 1598 1355 1646 πολυώνυμε,
1386 1601 1573 1645 Καδμεΐας
1601 1599 1750 1647 νύμφας
1777 1599 1940 1646 ἄγαλμα,
1967 1602 2056 1636 adeo
2080 1601 2237 1636 adamavi

141 1658 185 1692 ob
209 1657 348 1692 easdem
368 1656 443 1690 fere
467 1666 609 1691 caussas
632 1660 669 1691 ut
693 1657 814 1691 iterum
836 1658 1028 1701 iterumque
1050 1656 1355 1692 revenerim'illuc
1378 1661 1547 1701 tamquam
1577 1657 1620 1691 ad
1644 1658 1803 1692 amussim
1827 1662 1863 1692 et
1886 1658 2061 1703 exemplar
2084 1656 2237 1703 tragicos
2448 1660 2451 1683 ῑ

139 1717 236 1748 recte
259 1712 407 1759 legendi.
433 1715 603 1746 cantatum
628 1716 741 1747 autem
763 1712 844 1747 illud
867 1712 973 1747 fuisse
997 1723 1074 1747 cum
1097 1712 1275 1748 saltatione
1300 1716 1337 1747 ut
1360 1712 1496 1756 credas,
1519 1712 1647 1747 iuberis
1672 1712 1832 1748 conferre
1856 1713 2041 1748 carminum
2064 1722 2155 1758 quae
2177 1711 2236 1746 le-

139 1773 276 1815 guntur‘
289 1768 342 1802 Ai.
367 1778 437 1802 vss.
457 1767 537 1802 693.
562 1778 635 1812 sqq.
661 1772 696 1802 et
720 1769 839 1802 Trach.
864 1768 944 1803 205.
964 1778 1038 1813 sqq.
1062 1770 1249 1804 sententias
1273 1779 1435 1804 numeros
1459 1769 1577 1803 verba.
1602 1773 1638 1804 et
1661 1770 1847 1804 sententias
1872 1769 2010 1814 quidem
2034 1768 2176 1803 easdem
2199 1772 2237 1802 et

139 1825 213 1870 ipsa
235 1823 344 1858 verba
366 1822 538 1866 nonnulla,
563 1823 747 1868 praecipue
771 1823 891 1868 quibus
915 1823 970 1858 dei
992 1823 1337 1859 vocantur'Bacchus
1360 1824 1430 1858 Pan
1453 1823 1566 1858 Paean
1589 1824 1646 1858 vel
1663 1823 1800 1870 Apollo,
1824 1824 1947 1859 eadem
1968 1824 2133 1860 exhibere
2150 1823 2236 1858 naec

138 1881 202 1915 tria
226 1879 375 1914 carmina
399 1879 480 1913 satis
505 1880 663 1923 exposuit
685 1879 890 1914 Boeckliius.
918 1880 954 1914 in
976 1880 1127 1915 numeris
1151 1880 1253 1915 etiam
1276 1881 1476 1915 monstravit
1496 1890 1590 1924 quae
1615 1880 1777 1915 adiuvare
1801 1880 1982 1916 videantur
2005 1880 2235 1921 saltationem

140 1935 202 1971 sed
225 1935 312 1970 haec
336 1944 412 1969 cum
436 1934 470 1968 in
494 1934 604 1969 multis
629 1934 831 1970 carminibus
862 1935 964 1970 insint
993 1945 1063 1971 non
1094 1935 1294 1980 saltatoriis,
1319 1935 1505 1981 quaerentis
1526 1936 1622 1979 mihi,
1656 1935 1779 1981 ecquid
1814 1937 1989 1982 proprium
2017 1939 2112 1972 esset
2133 1934 2233 1971 buius

137 1992 291 2059 g3eneris,
313 1999 519 2025 succurrere
542 1990 744 2025 videbantur
767 1991 892 2036 longae
916 1991 1066 2036 syllabae
1091 1996 1318 2026 coacervatae
1343 1992 1562 2036 aliquotiens,
1592 1996 1628 2026 ut
1655 1992 1691 2026 ιιι
1720 1992 1771 2027 his
1800 1994 1928 2040 Δηοῦς
1950 1989 1990 2028 ἐν
2012 1989 2171 2031 κόλποις
2195 1996 2232 2026 et
2448 2007 2453 2028 ι

137 2061 165 2083 ω
192 2043 345 2089 -Βάκχευ
373 2047 527 2088 Βακχᾶν
556 2049 591 2079 et
620 2043 662 2080 ἰω
695 2043 737 2080 ἴω
763 2043 847 2081 Πὰν
877 2043 962 2081 Πάν
992 2050 1028 2081 ει
1062 2044 1104 2081 ἴω
1128 2044 1254 2082 Πααὶν
1283 2044 1418 2082 Παιάν.
1452 2051 1486 2082 at
1515 2047 1717 2091 carminum,
1748 2058 1836 2092 quae
1868 2047 2077 2082 saltabantur
2104 2047 2235 2082 maiore

138 2114 215 2138 cum
246 2102 426 2137 velocitate
455 2101 593 2146 propria
622 2101 800 2147 longarum
829 2102 1031 2137 multitude?
1061 2103 1132 2137 suis
1154 2103 1263 2146 locis,
1292 2103 1339 2137 ita
1368 2113 1512 2148 prorsus
1542 2103 1709 2138 existimo.
1739 2113 1885 2147 namque
1908 2113 1986 2138 cum
2009 2104 2044 2137 in
2067 2102 2232 2138 bonorem
2446 2143 2448 2146 ,

136 2158 260 2194 Bacchi
282 2157 392 2191 Panos
417 2160 452 2190 et
474 2157 616 2191 Paeanis
639 2157 696 2191 vel
718 2156 901 2202 Apollinis,
931 2167 1075 2202 quorum
1097 2158 1346 2192 simulitudinem
1370 2160 1453 2193 satis
1473 2158 1729 2193 illustraverunt
1751 2159 1905 2193 homines
1929 2159 2038 2202 docti,
2068 2159 2232 2194 saltarent
2444 2147 2453 2259 ι

135 2214 231 2250 festis
256 2213 388 2257 diebus,
412 2212 475 2247 hos
499 2212 594 2258 ipsos
618 2212 733 2246 vocari
756 2216 794 2247 ut
816 2216 1020 2258 praesentes
1044 2217 1174 2258 essent,
1199 2213 1243 2248 de
1268 2224 1335 2259 qua
1359 2223 1399 2248 re
1423 2213 1467 2248 cf.
1496 2213 1703 2253 Lobeckium
1728 2214 1770 2248 ad
1799 2213 1853 2249 Ai.
1884 2225 1917 2249 v.
1948 2213 2048 2258 700„
2077 2213 2230 2261 προφά·

135 2270 229 2316 νηθι
252 2273 289 2304 et
312 2268 472 2303 similibus
497 2272 533 2303 et
556 2268 699 2303 formula
722 2268 820 2313 quasi
842 2269 939 2303 vocis
962 2273 999 2304 et
1015 2270 1154 2304 numeri
1176 2273 1446 2304 consentaneum
1470 2273 1534 2304 est.
1557 2270 1619 2305 has
1643 2270 1827 2305 sollemnes
1850 2279 1960 2305 voces
1980 2280 2058 2306 cum
2072 2280 2232 2316 pronun-

134 2325 279 2369 tiabant,
310 2325 442 2360 numeri
472 2328 507 2359 et
535 2324 714 2359 modorum
743 2327 779 2359 et
807 2324 993 2360 saltationis
1023 2325 1183 2360 celeritas
1214 2325 1257 2360 ad
1285 2335 1443 2360 severam
1473 2326 1641 2370 quandam
1670 2325 1864 2361 tarditatem
1894 2326 2229 2373 restringebamrq

306 2442 526 2478 &Aristides
534 2442 738 2477 Quintilianus
766 2443 805 2472 de
831 2442 950 2473 musica
968 2442 1007 2473 Π.
1026 2442 1074 2473 98.
1096 2437 1169 2471 τῶν
1197 2434 1232 2470 δ’
1261 2433 1303 2471 ἕν
1333 2434 1404 2482 ἴσῳ
1434 2432 1531 2482 λόγῳ
1561 2435 1600 2470 οἴ
1626 2432 1698 2479 μὲν
1729 2434 1791 2470 δια
1818 2436 2004 2481 βραχειῶν
2033 2435 2229 2481 γενόμενοι

132 2488 272 2535 μόνων,
294 2487 462 2532 τάχιστοι
483 2489 546 2525 καὶ
567 2487 796 2545 θερμότεροι
819 2489 1125 2534 κατεσηλμὲνοι·
1139 2490 1178 2526 οι
1201 2488 1245 2525 δὲ
1270 2488 1421 2534 αναμίξ,
1452 2488 1666 2525 ἐπίκουνοι..
1679 2486 1777 2525 .δια
1799 2492 1909 2526 τοῦτο
1932 2502 2021 2532 ιους
2043 2490 2116 2536 μὲν
2138 2494 2229 2541 ppa-

132 2549 208 2590 χεῖς
231 2542 271 2580 ἐν
293 2547 371 2583 ταις
394 2545 590 2612 πυρρίχαις
611 2535 814 2593 χρησίμους
836 2544 995 2609 ὁρῶμεν.
1019 2543 1106 2586 τοιὶς
1127 2542 1172 2580 δὲ
1195 2542 1346 2589 ἀναμίξ,
1376 2543 1419 2580 ἐν
1446 2548 1524 2585 ταῖς
1551 2545 1685 2610 μέσαις
1692 2542 1909 2598 ὀρχήσεσι·
1932 2542 2021 2588 τοιῗς
2050 2544 2094 2582 δε
2123 2550 2231 2596 mpii—

134 2610 240 2642 στους
270 2595 312 2635 ἐν
339 2601 418 2640 τοῖς
444 2599 561 2646 ἱεροῖς
589 2611 738 2645 υμνοις,
770 2593 826 2640 οἷς
854 2597 1015 2647 ἐχρῶντο
1044 2597 1495 2653 neomenias-,1521
1523 2610 1563 2636 τε
1592 2598 1681 2647 περὶ
1709 2603 1822 2636 ταυτα
1845 2601 2037 2650 διατριβήν
2056 2602 2147 2648 μίαν
2169 2604 2232 2640 καὶ

132 2655 359 2703 φιλοχωρίαν
382 2652 671 2722 ἐνδεικνύμενοι,
695 2653 763 2703 τήν
786 2666 825 2691 τε
849 2652 967 2692 αυταῖν
991 2652 1161 2693 διάνοιαν
1185 2653 1365 2702 ἶσοτητι
1386 2654 1448 2690 καὶ
1469 2653 1605 2703 μήκει
1627 2658 1700 2691 ταῖν
1722 2653 1869 2703 χρόνων
1892 2655 1932 2698 ἐς
1953 2657 2233 2707 κοσμιοτητα

130 2711 369 2751 καθισταντες
388 2722 442 2751 ως
463 2706 597 2760 ταύτην
617 2700 736 2749 otim
762 2706 921 2756 „rtem
931 2710 1069 2759 ψυχῆς.
1093 2707 1283 2758 socrdem
1313 2708 1383 2747 κάν
1410 2713 1488 2753 τοῖς
1511 2712 1600 2747 uffa·
1609 2710 1826 2759 σφυγμῶν
1849 2709 2083 2760 κινήσεσιν
2105 2714 2146 2752 ot
2169 2711 2232 2752 διᾶ
2302 2715 2306 2719 “

129 2763 306 2803 τοιούτων
327 2762 475 2815 χρόνων
497 2762 560 2807 τιὶς
584 2766 766 2808 συστολὰς
787 2770 866 2808 ταῖς
888 2765 1097 2806 decommu-
1118 2763 1428 2810 damascum
1449 2765 1704 2812 ὕγιευνότσωι.
