2453 3070
1310 107 1341 114 ...

1063 106 1345 146 -20—

154 213 416 251 Andromachae
437 212 519 249 860.
543 222 618 258 sqq.
643 212 688 247 cf.
827 213 927 254 τῦνος
948 209 1300 258 ἅγαλμάτωνῐκέπς
1333 210 1507 259 δρμαθαῖ,

159 265 162 271 '
832 263 861 314 ἥ
882 264 1000 304 δούλα
1021 264 1159 309 δούλας
1182 264 1334 314 γούνασι
1357 267 1586 314 novensem,-

837 320 1012 364 Φθιάδος
1035 320 1077 358 ἐκ
1099 325 1165 368 γᾶς
1237 320 1247 370 '³

832 375 1152 425 Κυανόπτερος
1176 375 1309 425 ὄρνις
1332 374 1426 414 εἴθ’
1451 374 1569 425 εἴην,
1594 374 1665 413 ng.

158 463 317 511 Electrae
342 460 542 506 585—595,
566 462 752 507 primorum
776 461 926 508 (mirique
950 472 1111 499 versuum
1135 472 1224 499 unus
1247 471 1388 508 semper
1418 465 1473 498 est
1501 460 1721 504 dochmiacus
1751 461 1837 505 alter
1868 460 2261 508 anapaesto-logaoedi-

160 529 222 556 cus
247 518 404 555 dimeter.
448 516 587 553 Hercul.
611 516 677 554 fur.
704 517 879 554 1206-12.
904 518 1041 566 Hippoi.
1069 517 1170 556 13⁷2.
1195 528 1271 566 sqq.
1295 517 1402 554 mutili
1424 521 1504 555 sunt
1530 517 1719 553 secundum
1740 517 1992 553 Kirchhoffium.
2032 517 2136 564 lphig.
2161 517 2262 552 Taur.

159 574 242 612 884.
271 573 480 622 pentapodia
507 573 711 620 logaoedica
739 574 866 610 suadet
894 578 1032 613 ceteros
1062 576 1163 610 etiam
1191 574 1429 620 anapaesticus
1460 577 1497 608 et
1524 573 1711 618 dactylicos
1742 583 1864 608 versus
1898 573 2052 608 eiusdem
2080 582 2261 608 mensurae

161 639 258 676 esse.-
299 627 428 680 Jl'road.
452 627 653 666 240÷29L
676 629 767 671 inter
790 628 965 666 dochmios
989 630 1168 676 anapaesti
1189 629 1317 671 hahent
1337 629 1480 666 brevem
1502 628 1665 674 syllabam
1687 639 1752 674 pro
1776 629 1879 675 longa
1903 632 1961 664 aut
1983 629 2016 664 in
2039 629 2132 664 initio
2147 632 2205 662 aut
2228 629 2262 662 in

160 685 240 724 liae.
287 683 408 719 Helen.
433 683 630 719 625—694.
678 684 747 720 duo
776 684 845 720 loci
867 685 1028 721 videntur
1054 685 1287 722 contrahanc
1312 685 1425 732 legem
1451 684 1582 721 testari.
1624 683 1718 730 prior
1742 687 1797 719 est
1820 683 1934 720 Orest.
1961 682 2062 720 1403.
2086 694 2160 730 sqq.
2185 684 2261 730 pri-

159 750 250 778 mum
274 750 295 775 a
319 743 483 785 quattuor
505 739 656 776 dimetria
680 731 909 787 anapaesticis
933 741 1094 777 transitur
1118 741 1161 777 ad
1185 741 1315 777 iambos
1339 751 1403 786 per
1425 750 1564 776 versum
1586 740 1686 775 huius
1710 750 1893 779 mensurae
1919 767 1975 775 .-.
1999 756 2051 775 -ι
2076 767 2133 774 .-
2157 767 2211 773 .-
2236 766 2262 780 υ

160 814 218 832 -ι
238 822 270 840 u
290 823 349 831 -.
369 823 428 832 -.
450 794 593 841 cyclium
621 796 696 831 sive
722 796 1055 843 ischyorrhogicum3
1086 796 1189 831 1416,
1213 796 1350 834 demum
1379 795 1597 831 dochmiacus
1621 798 1685 830 est.
1734 795 1797 830 sed
1823 794 1926 831 1433.
1952 796 2128 832 dimetrum
2153 799 2261 832 creti-

162 862 240 892 cum
263 854 453 902 sequuntur
476 854 556 900 octo
581 851 770 901 anapaesti,
783 851 850 900 ‚vel
872 856 1084 888 monometer
1109 852 1253 890 dimeter
1275 854 1490 891 monometer
1518 855 1554 887 et
1583 851 1646 886 hos
1670 850 1834 896 deinceps
1859 851 2013 887 dochmii.
2060 853 2123 887 hos
2148 854 2262 887 conti-

161 917 250 958 nuos
273 910 480 955 anapaestos
501 916 594 953 esse
627 906 757 954 cyclios
785 910 821 943 et
850 918 993 953 prorsus
1022 908 1154 942 alienos
1184 918 1204 942 a
1236 907 1354 943 dorica
1381 906 1608 952 legitimorum
1632 909 1853 950 systematum
1877 907 1993 951 quiete
2016 908 2099 943 satis
2126 908 2263 953 probari

162 963 296 1001 videtur
320 961 550 1011 trepidatione
573 959 728 1009 Phrygis.
776 961 864 999 alter
887 967 941 999 est
967 963 1003 998 in
1030 962 1208 1010 Sophoclis
1231 962 1367 998 Electra
1399 973 1432 998 v.
1462 961 1543 997 225.
1569 972 1642 1008 sqq.
1690 960 1829 996 Electra
1852 961 1955 997 habet
1978 963 2154 998 dimetrum
2178 974 2264 1008 par-

162 1018 352 1056 oemiacum
374 1016 555 1064 dimetrum
577 1021 827 1053 monometrum
850 1019 1058 1064 spondiacus
1082 1023 1193 1063 totos,
1224 1022 1294 1053 tum
1318 1018 1509 1053 dochmium
1532 1045 1588 1052 -
1609 1044 1677 1060 υ,
1700 1044 1758 1050 ..-
1780 1043 1808 1059 υ
1833 1044 1889 1051 -
1913 1021 1949 1052 et
1973 1018 2150 1055 dimetrum
2175 1029 2262 1054 ana-

164 1069 365 1121 pacsanum,
388 1071 515 1109 deinde
539 1071 723 1121 trochaeos
747 1077 783 1109 et
804 1084 907 1110 unum
931 1074 1132 1121 dactylicum
1156 1084 1307 1110 versum.
1357 1072 1437 1109 236.
1464 1073 1551 1109 duas
1576 1072 1785 1119 tetrapodias
1809 1073 1994 1118 dactylicus
2019 1075 2170 1118 exhibet3
2199 1087 2262 1110 se-

162 1134 311 1178 quuntur
334 1128 484 1175 quinque
508 1126 640 1163 dimetri
663 1130 874 1176 anapaestici
897 1140 974 1165 cum
998 1130 1110 1166 multis
1128 1129 1290 1178 spondeis
1314 1134 1386 1164 tres
1408 1129 1584 1164 dochmios
1622 1158 1654 1162 .„
1688 1154 2263 1173 ----------

160 1214 218 1221 ..
239 1213 298 1220 .-
318 1210 387 1229 υ,
408 1214 466 1222 ...
487 1210 517 1226 υ
539 1211 598 1220 ..-
621 1188 657 1219 et
680 1185 864 1221 trochaeos
887 1185 1079 1232 logaoedos
1103 1185 1245 1220 iambos.
1293 1185 1451 1230 quoniam
1481 1189 1593 1220 autem
1617 1195 1660 1220 ne
1686 1185 1775 1231 apud
1799 1184 2003 1230 Sophoclem
2036 1189 2171 1231 quidem
2195 1201 2262 1226 ex—

163 1245 232 1278 stat
255 1242 313 1287 qui
335 1240 414 1276 huic
437 1240 506 1286 legi
529 1239 735 1276 adversetur
757 1241 867 1286 locus,
891 1252 960 1276 non
983 1241 1089 1276 credo
1113 1241 1176 1276 hos
1201 1240 1377 1275 dochmios
1402 1250 1482 1275 esse
1499 1240 1561 1275 sed
1578 1241 1822 1276 choriambicas
1839 1250 1923 1285 quas
1941 1247 2066 1277 vocant
2084 1245 2262 1280 clausulas.

163 1298 198 1333 in
222 1296 385 1343 Aeschyli
407 1296 503 1332 Pers.
528 1306 583 1331 vv.
604 1294 802 1332 949-972.
826 1297 1053 1343 anapaesticis
1076 1297 1202 1333 nullum
1224 1296 1340 1333 inesse
1365 1296 1556 1334 dochmium
1579 1301 1700 1332 contra
1723 1296 1933 1332 Dindoriium
1957 1302 2054 1332 metr.
2073 1310 2106 1344 p.
2126 1300 2182 1334 31.
2207 1302 2262 1334 di·-

162 1358 289 1389 xerunt
311 1352 436 1389 Rossb.
460 1355 496 1386 et
518 1351 676 1397 Westph.
701 1352 745 1387 de
768 1356 867 1387 metr.
890 1352 944 1387 111.
969 1363 1003 1399 p.
1029 1351 1121 1398 118„
1146 1362 1346 1398 quamquam
1371 1352 1404 1386 ei
1427 1352 1528 1386 etiam
1553 1351 1711 1387 videntur
1734 1351 1831 1397 cyclii
1855 1361 1946 1386 esse.

332 1434 402 1473 Sed
425 1444 513 1471 unus
537 1439 647 1472 restat
670 1436 781 1481 locus,
809 1436 866 1481 qui
890 1437 1039 1472 adversa
1062 1436 1176 1471 fronte
1200 1440 1330 1482 pugnat
1354 1439 1474 1471 contra
1499 1434 1586 1471 hanc
1610 1437 1722 1482 legem
1745 1435 1860 1481 Eurip.
1886 1435 2013 1470 Hecub.
2042 1436 2118 1472 176.
2144 1448 2216 1484 sqq.

733 1518 857 1559 ΠΛΞ.
1132 1516 1186 1564 zai,

899 1576 1014 1621 μᾶτερ
1037 1576 1167 1620 μᾶτερ,
1193 1574 1227 1610 τί
1248 1575 1362 1622 βοᾷςς
1383 1575 1418 1610 τί
1438 1575 1527 1619 νέον

900 1626 1071 1677 καρύξασ*
1097 1628 1208 1666 οἴκων
1230 1628 1271 1675 μ’
1298 1625 1384 1666 ὥστ’
1410 1628 1516 1677 ὄρνιν

900 1683 1043 1731 θάμβει
1064 1684 1150 1734 τῷδ’
1175 1684 1390 1729 ἐξέπταξαςς

731 1743 809 1778 ΕΚ.
905 1740 1007 1787 οἴμοι
1032 1741 1172 1778 τέκνον.

732 1795 857 1834 ΠΛΞ.
905 1797 939 1831 τί
960 1807 1008 1841 με
1033 1796 1258 1846 δυσφημεῖςς
1281 1795 1441 1844 φροίμιά
1463 1808 1531 1842 μοι
1554 1794 1657 1833 κακά.

732 1853 809 1888 ΕΚ.
904 1850 984 1888 αἰαῖ
1003 1851 1069 1893 σᾶς
1092 1855 1229 1899 ψυχᾶς.

733 1906 857 1945 ΠΛΞ.
904 1905 1039 1949 ἐξαύδα
1062 1903 1116 1952 μή
1137 1900 1282 1957 κρύψῃς
1306 1904 1433 1954 δαρόν.

902 1962 1076 2008 δειμαίνω
1100 1962 1286 2009 δειμαίνω,
1311 1967 1440 2010 μᾶτερ,

902 2018 940 2052 τί
961 2017 1056 2054 ποτ’
1081 2015 1352 2060 ἀναστένεις.

169 2106 285 2142 matris
307 2105 457 2140 clamore
481 2105 593 2139 excita
618 2104 792 2154 Polyxena
817 2103 1026 2149 adproperat
1049 2114 1094 2138 ex
1118 2103 1270 2138 aedibus.
1318 2103 1459 2137 Hecuba
1480 2105 1632 2149 roganti,
1657 2108 1694 2139 ut
1718 2105 1847 2150 aperiat
1872 2116 1993 2141 novam
2018 2118 2105 2153 quae
2130 2113 2264 2158 utrique

170 2161 353 2197 accidisset
374 2160 615 2204 calamitatem,
647 2159 788 2205 opponit
810 2162 958 2194 maestas
988 2168 1111 2194 voces:
1142 2170 1163 2196 ο
1192 2159 1268 2205 filia
1294 2163 1543 2194 monometrum
1574 2162 1826 2206 anapaesticum
1857 2166 1891 2197 et
1924 2173 1989 2198 cae
2019 2169 2099 2201 tuae
2130 2170 2265 2205 ammae

145 2247 147 2249 >
169 2217 423 2263 prosodiacum,
445 2220 484 2252 ut
506 2226 574 2263 ego
598 2216 693 2259 dico,
718 2215 963 2250 catalecticum.
1008 2215 1198 2261 respondet
1226 2215 1306 2249 filia:
1339 2215 1500 2260 eloquere
1522 2226 1567 2258 ηρ
1589 2217 1649 2252 diu
1672 2228 1725 2253 me
1749 2218 1863 2254 celato
1868 2231 1884 2260 ;
1908 2220 2009 2254 timeo
2032 2226 2160 2267 mater,
2185 2228 2267 2272 quid

170 2273 311 2309 undem
330 2274 499 2320 memus.
545 2272 637 2307 itane
659 2281 746 2307 vero
770 2270 922 2318 prudens
946 2271 1084 2317 puella?
1110 2272 1139 2307 si
1163 2275 1197 2307 te
1222 2271 1341 2307 timere
1367 2271 1516 2316 dixeris,
1532 2276 1636 2308 totam
1660 2284 1733 2310 rem
1757 2275 1868 2310 statim
1900 2280 1934 2310 et
1958 2277 2032 2312 sine
2062 2289 2157 2315 mora
2187 2294 2263 2317 ma-

168 2333 256 2365 wem
280 2329 394 2365 credis
417 2333 531 2365 tecum
554 2328 899 2363 communicaturam‘?
933 2327 1021 2362 adeo
1045 2328 1237 2373 desipuisse
1261 2327 1457 2373 Euripidem
1480 2328 1556 2362 mihi
1581 2325 1715 2373 quid'em
1739 2331 1959 2375 persuadebit
1983 2342 2094 2368 nemo.
2125 2336 2266 2382 adparet

169 2384 262 2421 hunc
283 2394 424 2421 versum
448 2383 528 2420 185.
552 2383 783 2419 dochmiacum
806 2392 876 2418 non
900 2381 1009 2417 solnm
1031 2387 1174 2428 propter
1197 2393 1307 2417 meam
1331 2383 1444 2430 legem
1469 2393 1537 2418 non
1562 2394 1642 2419 esse
1665 2385 1850 2430 Euripidis:
1882 2390 1938 2420 aut
1962 2391 2016 2421 est
2040 2391 2175 2426 omnino
2198 2395 2264 2429 ads

171 2440 306 2475 diticius
330 2444 389 2475 aut
409 2438 473 2474 fuit
494 2439 572 2474 olim
596 2439 834 2484 anapaesticus
857 2442 1072 2473 monometer
1095 2439 1129 2472 in
1153 2438 1241 2472 hanc
1264 2437 1339 2473 fere
1365 2439 1582 2474 sententiam:
1606 2438 1695 2476 κεῖν’
1720 2435 1776 2476 ὅτι
1798 2437 1981 2487 κρύπτειςε
2011 2445 2103 2488 quod
2124 2457 2178 2482 me
2201 2462 2264 2486 σο-

171 2495 227 2533 lae
247 2495 328 2531 ideo
350 2496 465 2538 timeo,
488 2504 563 2530 rem
583 2494 699 2540 ipsam
721 2504 792 2530 non
815 2494 907 2529 adeo
931 2494 1067 2529 timebo.
1105 2494 1280 2529 enimvero
1305 2495 1384 2539 quid
1397 2495 1439 2529 ab
1452 2494 1612 2540 Euripide
1626 2497 1786 2542 scriptum
1799 2495 1900 2531 suerit
1913 2508 2002 2533 nunc
2027 2500 2084 2534 vix
2106 2502 2264 2540 invenie-

172 2555 240 2596 tur,
259 2551 418 2596 quoniam
440 2550 528 2585 haec
551 2549 747 2595 corruptela
771 2549 834 2585 fuit
856 2549 922 2584 iam
946 2549 980 2584 in
1005 2549 1191 2596 archetypo
1216 2550 1290 2595 illo,
1315 2550 1408 2597 quod
1430 2550 1464 2586 in
1489 2550 1640 2588 editione
1664 2551 1891 2589 Kirchhoffius
1914 2555 2097 2592 restituere
2120 2566 2264 2597 conatus

170 2611 237 2652 est,
262 2617 308 2644 ex
333 2617 401 2653 qno
424 2607 534 2642 nostri
556 2617 637 2643 mss.
660 2605 736 2641 libri
758 2610 928 2651 tamquam
952 2616 998 2640 ex
1021 2605 1117 2641 fonte
1141 2612 1373 2641 manaverunt.
1422 2607 1647 2651 prosodiacus
1677 2611 1732 2642 est
1760 2608 1862 2642 etiam
1890 2609 2057 2657 Πηλεΐδᾳ
2078 2612 2188 2661 γέννᾳ
2211 2617 2264 2652 vc!

169 2663 282 2710 potius
304 2661 450 2711 Πηλείᾳ
471 2661 601 2710 γέννας
620 2661 708 2701 haec
732 2661 822 2697 enim
844 2660 1069 2697 Schoemanni
1093 2661 1298 2707 emendatio,
1323 2672 1423 2708 quam
1444 2663 1623 2710 proposuit
1637 2663 1672 2698 in
1692 2663 2039 2702 animadversionibus
2058 2667 2265 2709 diorthoticis

170 2718 278 2756 schol.
305 2718 375 2754 ind.
403 2728 461 2754 un.
487 2716 644 2764 Gryphis.
669 2728 701 2752 a.
727 2717 829 2753 1863.
859 2718 1073 2763 praemissis,
1103 2719 1293 2753 certissima
1326 2718 1403 2753 mihi
1432 2719 1577 2753 videtur.
1628 2718 1705 2753 191.
1731 2724 1842 2754 antem
1867 2724 1903 2754 et
1928 2720 2006 2755 192.
2039 2721 2132 2759 libris
2163 2736 2263 2763 mon-

166 2774 354 2809 strantibus
378 2773 427 2808 sic
448 2772 621 2808 scribendi
644 2776 724 2808 sunt
