2453 3070
519 491 629 551 De
667 489 1002 567 Euripidis
1042 487 1352 549 versibus
1370 545 1372 547 ,
1393 483 1860 565 anapaesticis.

1169 709 1210 758 1.

147 809 390 848 Eun-lpide·
414 812 565 841 ntem
590 817 677 848 pr·
703 810 967 846 argumenti
996 789 1181 840 nal-ne
1206 808 1353 845 οΙΙςΙῑ.
1384 808 1746 845 anapaesto-»um
1770 807 1944 845 duplex
1971 812 2105 844 uma,
2131 806 2243 839 lnce

318 860 427 888 orto
452 856 699 888 diver-nit·-
724 858 1023 894 systematum
1043 855 1365 893 lexin-norum
1392 857 1438 885 et
1466 854 1740 885 uber-runa·
1766 853 2030 890 lem-n·-
2047 855 2245 892 qne-

315 903 664 943 micum
683 905 871 935 eon-tat
889 910 945 932 ex
964 903 1190 940 dimna-flu,
1210 902 1267 932 do
1285 900 1590 934 non-metr!-
1616 899 1732 937 «und
1758 900 1821 931 nit
1845 900 2162 932 κωκυ-Ι...
2187 900 2244 932 de

316 950 418 990 ιιιιι.
435 949 543 982 Αιιι.
563 950 692 982 ι-ιε.
712 949 915 981 ιιι-ιω.
934 939 1110 983 rii-en.
1129 949 1349 997 noa-1⁸2.
1369 947 1622 980 monnau·-

147 1036 344 1112 Euripides
373 1072 449 1100 cum
479 1061 546 1099 hoc
573 1063 691 1101 seculo
722 1063 906 1110 praecipue
939 1063 1140 1100 exercuerit
1168 1067 1400 1110 exerceatque
1431 1062 1584 1098 homines
1615 1061 1735 1098 doctos
1769 1060 1950 1106 inferiore,
1992 1071 2093 1108 quam
2118 1068 2245 1100 vocant

147 1126 220 1156 arte
244 1122 360 1155 critica
383 1130 454 1153 non
477 1120 585 1154 minus
615 1130 715 1163 quam
739 1120 878 1163 altiore,
917 1129 1031 1163 neque
1060 1119 1248 1163 defuerint,
1278 1120 1335 1164 qui
1363 1119 1605 1164 praestantiam
1635 1122 1670 1151 et
1700 1121 1809 1154 artem
1838 1121 1964 1162 poetae
1993 1118 2242 1154 defendendam

146 1177 373 1223 susciperent,
397 1173 528 1210 scilicet
551 1174 653 1221 longe
679 1179 856 1222 praestare
880 1173 1075 1221 Euripidem
1100 1174 1259 1221 Sophocli
1283 1179 1318 1210 et
1340 1173 1527 1219 Aeschylo,
1552 1173 1733 1208 dummodo
1757 1177 1964 1220 purgaretur
1987 1173 2030 1208 ab
2047 1175 2242 1221 interpola-

145 1232 310 1267 tionibus:
342 1231 462 1274 hodie,
494 1230 633 1275 opinor,
664 1232 798 1276 experti
827 1230 944 1265 falsam
976 1234 1154 1275 utramque
1183 1231 1319 1265 nimium
1347 1229 1554 1264 laudantium
1584 1233 1621 1263 et
1648 1228 1784 1263 nimium
1808 1229 2068 1274 vituperantium
2092 1234 2239 1266 senten-

145 1289 225 1325 tiam
256 1297 375 1324 omnes
406 1285 481 1322 sere
510 1286 687 1322 redierunt
718 1286 760 1322 ad
790 1297 927 1331 verum,
952 1286 1043 1332 quod
1072 1286 1219 1322 medium
1248 1290 1359 1331 tenet,
1383 1285 1578 1322 Aristotelis
1602 1285 1777 1321 iudicium:
1806 1281 2020 1334 ΕὐριπίδηςΙ
2046 1284 2081 1322 εἰ
2109 1286 2171 1322 καὶ
2198 1286 2243 1324 τὰ

146 1342 242 1380 ἄλλα
269 1342 321 1390 μή
344 1330 387 1379 εῧ
411 1341 619 1386 οἰκονομεῖ,
645 1339 740 1378 ἀλλὰ
763 1338 1023 1388 τραγικώτατός
1044 1353 1085 1386 γε
1107 1344 1179 1377 ταῖν
1204 1344 1369 1391 ποιητῶν
1393 1341 1562 1387 φαίνεται
1584 1345 1660 1387 (po.
1687 1340 1759 1382 13).
1785 1342 1988 1377 oeconomia
2012 1342 2117 1388 igitur
2140 1344 2243 1379 totius

144 1400 280 1437 rabulae
303 1402 486 1445 superatur
509 1398 550 1433 ab
567 1397 743 1444 Aeschylo
767 1402 803 1434 et
826 1409 846 1434 a
862 1398 1031 1444 Sophocle
1055 1408 1223 1446 superans
1239 1403 1420 1444 utrumque
1444 1397 1615 1444 pingendo
1638 1397 1810 1434 hominum
1833 1408 1949 1433 mores
1973 1403 2010 1433 et
2029 1399 2178 1445 ingenia.
2204 1405 2241 1436 et

144 1455 226 1491 fecit
249 1456 421 1498 homines,
453 1458 488 1489 ut
519 1454 666 1489 debebat
696 1455 730 1488 in
759 1454 953 1500 tragoedia,
984 1459 1166 1490 versantes
1197 1455 1231 1489 in
1259 1454 1502 1490 calamitatibus
1531 1463 1644 1498 neque
1667 1454 1845 1497 meliores,
1875 1454 1953 1498 quia
1983 1455 2033 1489 sic
2058 1465 2128 1490 non
2149 1460 2245 1492 metu

119 1517 125 1521 '
144 1511 442 1555 misericordiaque
467 1520 684 1545 moveremur
706 1510 769 1544 sed
792 1510 931 1556 indigne
954 1509 1144 1554 ferremus,
1168 1521 1281 1555 neque
1305 1510 1457 1555 peiores,
1481 1519 1558 1544 nam
1581 1510 1656 1544 iure
1679 1510 1874 1554 punitorum
1897 1510 2037 1545 miseret
2060 1512 2241 1555 neminem,

144 1568 225 1611 sed,
255 1566 346 1612 quod
375 1565 522 1599 medium
551 1569 622 1608 est,
653 1569 884 1610 spectatorum
913 1566 1065 1610 ipsorum
1095 1565 1231 1600 similes.
1278 1565 1365 1600 haec
1392 1565 1551 1600 videntur
1580 1564 1796 1610 comprobari
1826 1565 1896 1609 eis,
1926 1574 2015 1610 quae
2046 1566 2241 1613 diligentis-

144 1624 229 1658 sime
260 1625 296 1657 et
326 1620 546 1668 sagacissime
577 1620 669 1655 docti
696 1620 849 1655 homines
879 1618 1152 1656 obseryaverunt
1185 1621 1229 1656 de
1260 1621 1395 1656 dicendi
1426 1631 1559 1668 genere
1590 1625 1625 1656 et
1654 1621 1698 1656 de
1730 1621 1848 1657 metris
1876 1620 2079 1668 Euripideis.
2115 1624 2241 1659 etenim

143 1678 288 1725 egregie
316 1681 423 1711 artem
452 1687 529 1711 cum
561 1676 770 1722 ingenuitate
800 1677 960 1711 cotidiani
983 1677 1152 1711 sermonis
1182 1677 1447 1722 coniungentem
1469 1677 1623 1711 admirati
1646 1681 1726 1712 sunt
1749 1681 1785 1711 et
1807 1677 1924 1712 imitati
1946 1679 2103 1713 certatim
2126 1680 2242 1724 optimi

145 1732 356 1769 Graecorum
380 1735 416 1767 et
439 1730 668 1766 Romanorum
692 1732 892 1777 scriptores,
917 1732 1068 1777 quamvis
1092 1732 1322 1767 trimetrorum
1348 1733 1566 1768 severitatem
1595 1743 1671 1768 eam
1698 1733 1807 1779 ipsam
1836 1732 1881 1767 ob
1911 1743 2069 1769 caussam
2096 1735 2241 1771 relaxa-

143 1790 234 1825 verit
259 1787 453 1835 paullulum.
483 1787 562 1832 quid
587 1787 678 1832 quod
708 1788 909 1823 oeconomia
933 1787 1120 1823 fabularum
1145 1789 1302 1835 neglecta
1325 1789 1532 1834 conspicitur
1555 1789 1657 1824 etiam
1680 1789 1714 1823 in
1739 1798 1797 1833 eo,
1820 1788 1912 1834 quod
1935 1789 2081 1825 maxime
2105 1800 2239 1837 expro-

142 1845 244 1882 brant
269 1843 435 1890 Euripidi,
466 1843 558 1888 quod
586 1843 681 1879 chori
711 1844 860 1879 carmina
888 1843 1047 1879 breviora
1072 1844 1368 1891 neglegenterque
1392 1843 1486 1889 fere,
1515 1849 1553 1880 ut
1581 1845 1698 1880 volunt
1722 1845 1874 1890 quidam,
1903 1846 2090 1892 composita
2120 1857 2239 1893 parum

143 1900 325 1937 conferunt
346 1900 391 1934 ad
413 1910 497 1946 rem.
523 1900 758 1948 oeconomiam
783 1900 872 1934 enim
896 1900 961 1935 nisi
985 1910 1032 1935 ex
1053 1903 1125 1935 tota
1149 1900 1261 1936 fabula
1284 1911 1354 1936 non
1385 1902 1551 1948 cognosci
1581 1901 1638 1946 qui
1667 1901 1899 1945 contenderit,
1929 1912 2007 1937 eum
2036 1912 2238 1939 commone-

143 1957 269 1994 fecisse
296 1954 442 1993 sufficiet
475 1955 748 2002 Aeschyleorum
777 1960 813 1992 et
841 1955 1109 2003 Sophocleorum
1138 1957 1340 2002 carminum,
1370 1968 1459 2003 quae
1489 1958 1533 1993 ad
1562 1957 1654 2003 ipsas
1684 1968 1773 2003 quae
1803 1960 1989 1994 secuturae
2017 1964 2096 1995 sunt
2123 1970 2239 1997 rerum

142 2013 423 2048 commutationes
451 2016 658 2056 praeparant
686 2013 782 2056 quasi
811 2013 941 2046 animos
971 2012 1172 2047 auditorum.
1204 2013 1268 2047 sed
1298 2013 1390 2057 quod
1419 2023 1602 2059 perperam
1631 2023 1697 2047 nec
1720 2016 1851 2056 tamen,
1873 2017 1911 2048 ut
1934 2014 2085 2058 videtur,
2108 2015 2237 2053 inscius

143 2068 291 2106 detraxit
312 2067 452 2103 canticis
477 2066 621 2102 choricis
645 2077 750 2102 curae
774 2071 810 2102 et
826 2067 1032 2114 diligentiae,
1055 2067 1089 2103 id
1108 2072 1215 2104 totum
1239 2068 1366 2104 addidit
1388 2069 1642 2105 accuratissime
1675 2068 1899 2115 depingendis
1930 2079 2156 2115 personarum
2178 2073 2236 2108 in-

141 2125 252 2172 geniis
277 2127 312 2158 et
335 2123 486 2157 moribus
509 2124 573 2166 ita,
598 2127 636 2157 ut
660 2123 837 2158 excoleret
860 2123 969 2170 magis
997 2124 1174 2170 magisque
1203 2124 1381 2159 monodias
1405 2128 1440 2159 et
1463 2134 1625 2159 commos.
1650 2134 1728 2158 nam
1755 2124 1932 2159 monodias
1956 2125 2047 2171 apud
2070 2116 2234 2174 Aeschy-

140 2180 209 2216 lum
232 2178 503 2225 Sophoclemque
528 2177 602 2213 sere
627 2178 736 2213 nullas
761 2178 883 2222 hahes,
914 2189 1064 2214 commos
1086 2178 1278 2226 Aeschylus
1302 2184 1341 2215 ut
1364 2180 1502 2216 chorica
1526 2180 1675 2216 carmina
1699 2179 1845 2215 faciebat
1868 2181 1950 2216 satis
1973 2191 2132 2228 magnos,
2161 2184 2232 2220 So-

140 2234 298 2282 phocles,
322 2235 380 2280 qui
401 2235 517 2269 minuit
540 2234 689 2278 chorica,
715 2235 749 2269 in
773 2235 941 2280 prioribus
969 2234 1089 2271 fabulis
1113 2236 1267 2271 minimos
1282 2235 1404 2279 habet,
1428 2237 1576 2270 maiores
1598 2237 1633 2270 in
1656 2236 1904 2281 posterioribus
1928 2236 2065 2272 videtur
2085 2248 2232 2285 compo-

141 2291 252 2326 suisse
277 2290 319 2324 ad
344 2289 499 2335 exempla
523 2289 708 2335 Euripidis,
740 2299 840 2334 quem
864 2290 928 2324 iam
953 2290 1096 2326 diximus
1121 2290 1216 2326 chori
1239 2291 1388 2326 carmina
1411 2292 1520 2338 magis
1542 2291 1644 2327 etiam
1667 2300 1768 2336 quam
1783 2291 1985 2337 Sophoclem
2000 2295 2234 2331 attenuavisse

140 2346 278 2385 auxisse
302 2356 464 2394 commos.
488 2345 537 2380 sic
561 2345 635 2379 fere
665 2345 806 2395 dixerim
838 2346 979 2381 consilio
1008 2346 1150 2381 formam
1178 2351 1214 2382 et
1241 2350 1351 2382 metra
1380 2347 1564 2392 poematis,
1595 2347 1712 2382 metris
1739 2350 1776 2381 et
1803 2346 1911 2382 forma
1940 2347 2115 2383 consilium
2139 2349 2232 2397 fingi.

140 2401 220 2447 quid
248 2401 376 2436 multa?
428 2401 622 2447 Euripidem
646 2405 787 2446 propter
810 2405 995 2436 metrorum
1018 2403 1272 2449 neglegentiam
1295 2403 1497 2448 castigatum
1521 2402 1563 2437 ab
1586 2402 1774 2437 hominibus
1798 2402 1919 2446 doctis,
1943 2403 2000 2447 qui
2022 2403 2232 2450 Aristoph-

137 2457 191 2507 nis
214 2456 371 2493 iudicium
395 2457 549 2502 cupidius
574 2456 813 2502 arripuissent,
842 2456 1036 2503 Euripidem
1068 2457 1145 2501 dico
1174 2461 1282 2492 metra
1311 2457 1454 2492 maxima
1483 2467 1560 2492 cum
1588 2466 1670 2491 cura
1694 2456 1843 2503 elegisse
1867 2460 1904 2492 et
1926 2463 2128 2504 argumento
2152 2466 2232 2507 apta

138 2513 328 2550 reddidisse
352 2513 504 2557 quamvis
529 2511 720 2558 diligenter,
743 2513 825 2546 utin
841 2512 939 2548 huius
956 2523 1093 2558 quoque
1110 2517 1235 2559 poetae
1258 2512 1386 2556 fabulis,
1400 2513 1480 2548 insit
1503 2512 1712 2548 concinnitas
1728 2510 1853 2552 εἴδους
1868 2514 1965 2557 quasi
1981 2517 2020 2549 et
2033 2509 2137 2563 ὅλης,
2163 2527 2231 2562 ῃ.

141 2567 313 2605 excellunt
341 2571 377 2602 et
406 2567 577 2602 delectant
605 2577 810 2603 summorum
850 2565 1031 2613 poetarum
1062 2568 1274 2610 Graecorum
1291 2567 1507 2622 ⁴carmina⁴‘).
1537 2568 1603 2603 hoc
1629 2568 1664 2603 in
1692 2567 1859 2603 monodiis
1895 2572 1931 2605 et
1955 2568 2232 2615 hyporchematis

284 2664 332 2702 .')
354 2663 401 2694 Cf.
427 2663 612 2707 Bernhardy
637 2666 667 2697 h.
695 2667 714 2697 l.
736 2676 763 2707 g.
784 2667 811 2698 2.
832 2667 861 2698 2.
882 2677 910 2708 p.
929 2667 994 2698 355.
1025 2667 1075 2698 dic
1101 2660 1333 2710 berii'hmteaten
1353 2667 1484 2704 Dichter
1512 2667 1568 2698 der
1587 2667 1672 2698 alten
1692 2666 1847 2699 Komiidie
1870 2668 1940 2699 sind
1962 2669 2049 2702 nicht
2067 2672 2160 2711 nitela
2178 2684 2230 2719 go,

134 2715 271 2750 worden,
291 2713 341 2743 die
360 2711 543 2749 Paradoxe,
565 2714 623 2744 don
641 2714 767 2753 Mangel
797 2724 835 2745 an
856 2715 1043 2755 Abrundung
1069 2716 1126 2746 und
1155 2716 1228 2751 dan
1247 2716 1604 2747 manumittat-s
1630 2715 1828 2756 zwischen
1847 2715 1960 2747 Fora
1985 2712 2057 2751 u'nd
2077 2716 2231 2753 Gelan

136 2759 451 2792 nitachnoideaden
470 2759 558 2790 Witz
580 2761 639 2790 und
659 2762 821 2792 acharium
840 2761 962 2792 Urtheil
982 2758 1212 2804 ada-deckam
1236 2772 1264 2801 p.
1291 2764 1357 2793 375.
1387 2771 1422 2791 so
1448 2762 1573 2791 wardon
1600 2762 1686 2791 scine
1712 2756 1893 2801 Rhythn'en
1919 2764 1964 2796 im,
1986 2762 2150 2809 Fortg'ug
2174 2768 2231 2802 du·

137 2808 339 2840 Ochlokratie
360 2805 482 2850 schlaff
500 2807 559 2838 aad
579 2807 815 2847 oberfl‘a‘chlich,
837 2808 887 2840 dio
906 2805 1093 2841 Van-me
1112 2808 1258 2848 naulica,
1278 2809 1412 2841 tonlo·
1432 2808 1696 2849 uncrgobroehen.
1725 2808 1727 2811 ’
1756 2820 1758 2822 ·
1956 2839 1959 2841 ,
