2453 3070
1094 82 1380 123 ..ιο-

182 190 297 234 itaque
321 190 448 237 Δηοῦς
471 186 511 223 ἂν
534 185 693 227 κόλποις
723 192 759 222 et
783 187 902 222 similia
926 187 1052 223 chorus
1076 199 1141 235 per
1162 190 1285 236 longas
1309 188 1459 235 syllabas
1483 189 1678 234 pronuntiat
1702 189 1781 236 quia
1804 189 1906 224 edicit
1923 190 2090 235 proxima
2108 189 2175 233 eis,
2199 199 2287 234 quae

182 245 270 282 edici
294 254 364 279 non
387 243 440 279 fas
463 247 529 279 est.
555 242 665 279 ceteri
688 244 823 279 numeri
845 243 967 280 horum
992 245 1280 290 carminum,th
1312 244 1396 281 satis
1427 244 1588 290 commoti
1616 249 1653 281 et
1680 245 1778 292 ipsae
1806 245 1973 282 bases.in
1996 245 2110 292 Antig.
2140 245 2287 280 carmine

180 301 335 347 singulos
361 301 467 336 saltus
492 300 685 347 significare
709 299 886 345 videntur,
909 300 954 336 cf.
978 300 1129 337 Boeckh.
1152 302 1174 337 l.
1199 301 1221 336 l.
1263 300 1326 336 sed
1350 300 1471 346 quinas
1495 299 1617 348 longas
1641 301 1790 348 syllabas
1813 302 1847 338 in
1872 301 1996 337 eodem
2019 301 2169 339 carmine
2191 305 2287 336 recte

176 357 256 392 mihi
285 360 469 402 percutere
501 356 638 392 videtur
666 355 861 392 Boeckhius
890 385 948 391 -.
971 371 1029 392 -ο
1055 386 1113 392 -
1136 371 1193 392 ‚·-
1217 382 1291 401 ..,
1325 360 1363 392 ut
1391 356 1459 391 sint
1496 356 1693 401 prosodiaci
1725 358 1901 402 spondiaci
1929 357 2117 392 catalectici
2145 358 2287 401 primum

178 414 256 457 quia
285 411 430 456 tripodia
460 412 597 446 omnino
632 411 872 456 antiquissimis
902 412 1112 458 temporibus
1147 421 1231 448 usos
1262 420 1342 447 esse
1373 410 1528 447 Graecos
1557 411 1592 446 in
1622 411 1783 458 precibus
1812 412 1990 448 maximam
2018 411 2285 459 probabilitatem

178 468 299 509 habet;
331 467 376 502 cl'.
402 466 526 502 Rossb.
551 472 588 502 et
617 466 776 513 Westph.
803 467 847 502 de
872 471 969 502 metr.
993 467 1046 502 111.
1072 479 1106 514 p.
1129 467 1164 503 4.
1190 467 1314 503 deinde
1339 467 1416 512 quia
1439 466 1474 500 in
1503 466 1576 502 aliis
1599 467 1781 503 saltatoriis
1806 468 2009 504 carminibus
2041 468 2137 504 chori
2164 469 2286 514 tragici

177 524 212 558 hi
237 533 360 558 versus
384 523 587 584 saepissime
611 523 832 558 inveniuntur
860 524 952 559 inter
980 523 1171 570 glyconeos
1200 521 1539 570 polyscbematistos,
1567 525 1605 556 ut
1639 522 1819 559 videantur
1848 523 2064 586 pherecratei
2093 533 2283 559 mensuram

179 574 329 624 aequare
354 590 414 613 ξ.
437 592 495 612 ὦ
517 590 575 614 υ-υ
599 591 657 613 -·
680 590 757 622 ι,
790 579 824 613 id
849 579 941 624 quod
965 579 1108 624 perinde
1132 582 1202 623 est,
1231 579 1391 624 quoniam
1422 587 1513 612 nunc
1545 587 1615 612 non
1644 587 1776 623 quaero
1799 589 1910 627 genus
1934 579 2066 614 numeri
2088 583 2201 626 utrum
2222 589 2284 626 par

154 629 157 632 ’
178 636 223 675 sit
247 645 290 669 an
313 635 440 680 impar,
470 634 534 669 sed
562 643 652 679 quae
682 634 726 669 sit
754 634 889 670 indoles
916 635 955 670 et
981 639 1103 670 natura
1125 635 1246 671 horum
1275 643 1438 670 versuum
1463 637 1499 669 et
1522 626 1694 678 quo'modo
1716 635 1930 681 percutiendi
1954 636 2030 671 sint.
2055 636 2157 671 tertio
2182 637 2282 671 etiam

179 693 213 726 in
238 691 443 726 carminibus
467 701 538 725 non
562 691 747 725 saltatoriis
772 691 975 737 gravissima
997 691 1105 729 verba
1129 695 1166 726 et
1186 700 1311 737 preces
1337 690 1447 736 quinis
1469 690 1583 736 longis
1607 690 1745 735 syllabis
1773 691 1942 727 dicuntur.
1973 692 2120 736 denique
2143 692 2281 738 Euripi-

179 748 241 781 des
266 757 372 791 saepe
398 747 449 781 eis
473 747 578 781 utitur
600 747 634 780 in
659 747 827 781 monodiis
852 751 887 781 et
911 747 1050 782 commis
1075 746 1323 791 anapaesticis.-

348 801 508 843 Quamvis
532 801 727 847 reperiatur
750 801 919 838 interdum
943 802 1168 847 prosodiacus
1193 801 1403 848 spondiacus
1428 800 1658 849 acatalectus,
1684 811 1761 835 cum
1791 787 2013 849 gravissimae
2043 812 2100 838 res
2126 813 2280 838 commc—

177 863 353 894 morantur
382 858 437 893 vel
467 858 524 893 dei
547 862 733 902 vocantur,
765 862 878 892 tamen
909 862 1053 904 propter
1083 858 1336 893 multidudinem
1368 857 1654 892 catalecticomm
1685 858 1806 892 nescio
1837 868 1880 892 an
1904 859 1936 892 ei
1960 859 2027 893 sint
2050 860 2203 905 corrupti
2226 861 2280 894 vel

180 915 278 950 aliter
302 914 473 949 metiendi.
499 914 550 949 sic
574 914 608 948 in
633 913 886 949 Trachiniarum
911 917 946 949 et
969 914 1097 958 Aiacis,
1105 923 1210 979 3quos
1234 913 1413 959 adscripsi,
1436 912 1595 948 versibus
1618 912 1812 959 suspicatus
1835 923 1910 948 sum
1929 910 1973 949 ῑω
1987 914 2222 950 interiectione
2246 917 2279 950 in

175 960 207 1005 ὦ
232 974 356 1005 mutata
380 969 565 1017 legendum
590 980 670 1004 esse
697 967 744 1004 ἰῶ
769 982 797 1003 ω
823 967 919 1005 Πάν
943 967 1057 1012 Πάν,
1090 982 1118 1004 ω
1144 967 1269 1005 Παιαν
1292 967 1430 1012 Παιάν,
1456 972 1495 1003 ut
1518 968 1707 1003 catalectici
1731 969 1807 1003 sint.
1833 969 1877 1003 de
1902 969 1974 1004 aliis
1997 970 2093 1014 locis,
2118 971 2174 1015 qui
2198 972 2278 1016 plu—

174 1038 234 1061 res
259 1026 359 1060 etiam
380 1025 502 1071 longas
527 1025 674 1070 syllabas
700 1024 861 1059 exhibent
884 1029 922 1060 ut
946 1025 1001 1060 de
1014 1024 1185 1070 molossis,
1211 1035 1298 1071 quos
1322 1024 1518 1060 Dindorfius
1542 1027 1640 1059 metr.
1674 1034 1752 1070 pag.
1777 1023 1834 1058 96.
1866 1025 1929 1060 sibi
1952 1026 2045 1060 visus
2070 1030 2124 1061 est
2147 1027 2296 1077 depreffi

175 1083 340 1125 bendere,
366 1090 537 1125 quaerere
562 1080 640 1115 nihil
666 1082 799 1122 attinet;
824 1081 887 1116 sed
911 1081 968 1116 ubi
992 1081 1113 1116 dixero
1138 1081 1182 1116 de
1207 1080 1411 1115 carminibus
1437 1080 1619 1115 saltatoriis
1650 1083 1685 1114 et
1711 1080 1754 1114 de
1780 1080 1940 1125 precibus
1965 1082 2104 1116 redeam
2137 1082 2177 1117 ad
2202 1083 2276 1117 Eu-

173 1139 291 1184 ripidis
311 1140 527 1182 anapaestos.

345 1193 476 1228 Primus
507 1203 585 1227 eum
609 1203 786 1228 numerum
813 1204 857 1228 ex
882 1193 1025 1228 deorum
1050 1194 1142 1228 cultu
1165 1193 1199 1227 in
1223 1193 1355 1238 tragica
1380 1192 1510 1237 cantica
1535 1191 1765 1226 introduxisse
1782 1191 1917 1226 videtur
1933 1193 2136 1237 Aeschylus,
2161 1195 2275 1239 Suppl.

174 1262 230 1284 vv.
255 1250 350 1292 890„
374 1248 469 1292 893„
494 1248 588 1291 899„
614 1248 694 1282 901.
720 1249 777 1283 ubi
800 1249 970 1283 Danaides
994 1249 1028 1282 in
1052 1258 1183 1283 summo
1207 1247 1361 1293 periculo
1384 1251 1563 1283 versantes
1589 1246 1758 1281 Tellurem
1782 1250 1817 1281 et
1840 1246 1955 1283 Iovem
1979 1249 2028 1284 sic
2053 1254 2189 1284 vocant:

853 1306 914 1348 μᾶ
937 1304 1001 1339 Γᾶ
1023 1306 1085 1348 μᾶ
1106 1303 1189 1347 Γᾶ,
1214 1305 1329 1349 βοᾶν

854 1358 1023 1424 φοβερόν
1047 1356 1253 1404 ἀπότρεπε,

856 1428 884 1449 ω
909 1416 965 1460 βᾶ
990 1415 1079 1455 Γᾶς
1102 1417 1184 1450 παῖ
1205 1415 1302 1450 Ζεῦ.

173 1483 260 1516 quae
283 1474 397 1521 prisea
422 1471 588 1505 vocabula
614 1469 778 1515 precandi
803 1469 979 1504 formulam
1004 1470 1199 1517 significare
1222 1470 1279 1505 vel
1302 1469 1446 1505 maxime
1471 1469 1654 1504 credebam
1684 1468 1876 1514 probabile;
1899 1470 1994 1515 βοᾶν
2019 1474 2169 1506 ceterum
2194 1483 2271 1507 mo-

172 1528 385 1574 nosyllabum
410 1531 475 1563 est.
501 1527 590 1562 idem
614 1526 648 1561 in
670 1526 808 1572 Septem
833 1526 949 1561 ο.’1Ίι.
975 1526 1053 1561 770.
1078 1526 1219 1562 chorum
1243 1526 1287 1562 de
1312 1521 1419 1571 αραῖς
1443 1526 1492 1561 sic
1519 1525 1600 1562 facit
1624 1530 1824 1561 canentem:

857 1580 1087 1629 προπρύμνα
1110 1581 1144 1617 δ’
1169 1580 1329 1628 ἐκβολάν
1354 1582 1464 1627 φέρει

853 1634 1029 1683 ἀνδρῶν
1054 1635 1294 1687 ἀλφηστᾶν

852 1691 966 1738 ὄλβος
989 1692 1081 1745 ἄγαν
1106 1693 1322 1736 παχυνθείς.

171 1755 205 1785 et
229 1752 261 1785 in
288 1751 416 1785 antislr.
442 1747 508 1783 τίι’
535 1745 682 1792 ἀνδρων
705 1746 773 1794 γάρ
798 1744 946 1785 τόσονδ’
972 1743 1193 1794 ἐθαύμασαν

850 1804 939 1839 θεοὶ
960 1804 1021 1839 καὶ
1045 1805 1230 1847 ξυνέστιοι

850 1857 992 1902 πόλεος
1016 1860 1039 1896 o‘
1063 1858 1274 1906 πολύβοτος
1297 1857 1327 1894 τ’
1352 1856 1443 1893 atah
1467 1859 1621 1903 βροτῶν,

848 1911 942 1952 ὅσον
966 1914 1040 1952 τότ’
1069 1915 1253 1951 Οἰδίπουν
1275 1915 1366 1957 τίον,

848 1971 926 2009 τάν
951 1969 1272 2019 ἁρπαξάνδραν

850 2028 933 2077 κῆρ’
960 2026 1149 2074 ἀφελόντα
1172 2025 1310 2073 χώραςς

168 2093 295 2137 Sphinx
319 2091 412 2124 viros
436 2090 574 2134 rapiens
601 2089 689 2125 bene
714 2087 848 2122 videtur
874 2087 940 2121 hoc
965 2095 1108 2120 numero
1141 2084 1208 2118 dici
1236 2088 1406 2129 tamquam
1433 2086 1555 2121 malum
1584 2086 1770 2130 infandum,
1795 2098 1871 2121 nam
1896 2098 2098 2123 summarum
2128 2092 2267 2126 calami-

167 2152 270 2181 tatum
296 2146 352 2179 vel
379 2145 584 2179 mentionem
611 2143 777 2177 facientes
801 2142 977 2176 veteribus
1002 2140 1205 2175 videbantur
1231 2140 1317 2175 mala
1342 2141 1453 2177 omina
1477 2141 1647 2188 proferre.
1698 2142 1975 2189 Choephororum
2000 2150 2127 2180 maesta
2146 2157 2266 2193 pompa

669 2195 954 2244 πρόστερνοι
982 2195 1173 2239 στολμοί
1194 2200 1228 2231 et
1250 2196 1521 2242 μέμφεσθαι
1543 2196 1649 2238 τούς
1672 2200 1748 2242 γᾶς

166 2259 286 2293 habet:
317 2256 434 2292 scissis
468 2256 623 2290 vestibus·
651 2255 819 2300 plangens
848 2257 1008 2298 pectora,
1039 2253 1130 2286 nullo
1160 2252 1329 2287 sacrificio
1359 2253 1445 2288 deos
1470 2254 1637 2298 placatum
1670 2254 1710 2288 iri
1734 2254 1967 2299 praesagiens.
1998 2256 2030 2289 in
2056 2256 2106 2290 his
2130 2264 2269 2302 praeter

162 2317 400 2359 argumentum
423 2321 560 2353 versus,
585 2311 642 2355 qui
665 2309 874 2351 antecedunt
897 2307 1027 2341 iambici
1052 2311 1087 2341 et
1111 2307 1167 2351 qui
1190 2311 1379 2352 sequuntur
1402 2308 1619 2343 choriambici
1643 2319 1720 2343 cum
1744 2309 1914 2352 anacrusi‚
1941 2310 2084 2346 suadent
2113 2322 2266 2360 anapae-

165 2371 282 2405 sticam
307 2376 513 2402 mensuram.

334 2423 464 2458 Eodem
495 2422 569 2458 fere
599 2422 701 2456 modo
731 2431 788 2456 res
820 2430 900 2455 sese
930 2419 1032 2454 habet
1068 2420 1101 2454 in
1137 2419 1298 2465 mystico,
1337 2420 1428 2464 quod
1458 2420 1492 2454 in
1522 2420 1690 2465 Euripidis
1720 2420 1849 2455 Helena
1881 2421 2023 2466 legitur,
2053 2426 2202 2460 carmine
2233 2439 2264 2460 v.

165 2481 267 2516 1301.
294 2490 386 2525 sqq„
417 2480 450 2513 in
484 2489 553 2524 quo
583 2478 712 2523 Cybele
738 2477 847 2512 Ceres
877 2476 1082 2520 Proserpina
1105 2475 1336 2510 celebrantur.
1384 2474 1495 2510 Mater
1518 2475 1619 2510 deum
1643 2486 1683 2510 se
1707 2469 1872 2521 proripuit
1896 2486 1960 2521 per
1982 2477 2086 2513 saltus
2111 2490 2173 2525 per
2196 2481 2264 2517 flu-

163 2538 252 2571 mina
277 2546 341 2582 per
365 2542 459 2569 mare
1579 2553 1584 2557 .

959 2583 1075 2632 πόθῳ
1098 2587 1162 2625 τᾶς
1187 2582 1444 2630 ἀποιχομενας

959 2638 1155 2689 ἀρρήτου
1179 2638 1360 2688 κούρας,

162 2702 408 2748 Proserpinae
409 2705 459 2736 ut
477 2699 687 2736 scholiastes
717 2698 812 2745 dicit3
841 2694 1019 2746 ἄρρητον
1039 2699 1158 2737 vocari
1187 2702 1303 2746 monet
1322 2698 1517 2747 Barnesius
1546 2699 1602 2734 vel
1619 2702 1773 2744 propter
1803 2700 1963 2754 mysteria
1993 2700 2058 2735 vel
2080 2710 2123 2734 ne
2155 2701 2262 2745 Ceres

163 2771 209 2795 ex
231 2762 352 2804 raptae
376 2757 463 2792 tiliae
487 2756 744 2792 recordatione
753 2754 896 2791 doleret.
921 2755 955 2790 in
970 2753 1190 2800 antistropha
1210 2742 1298 2792 liaeo
1312 2758 1418 2792 ·sunt:
1450 2757 1458 2765 ·
1627 2777 1630 2780 ⁴
2055 2779 2058 2782 ,
