2453 3070
0 1880 34 1899 t

1112 97 1397 138 ...m-.-

196 205 334 251 proprie
358 203 502 239 eandem
525 205 593 239 vim
617 214 694 239 cum
718 202 909 247 haberent,
940 208 1103 250 usurpata
1132 215 1214 241 esse
1233 215 1307 240 non
1322 209 1477 251 'prorsus
1507 202 1631 237 eodem
1660 212 1777 237 sensu.
1824 201 1912 250 ἰαχή
1933 203 2038 250 igitur
2061 207 2097 239 et
2121 201 2238 248 ἰαχεῖν
2264 208 2300 241 et

195 257 267 309 ἤχη
294 264 329 294 et
350 255 455 308 ἠχεῖν
478 260 534 295 vel
558 256 631 303 ἄχα
655 263 691 294 et
713 255 817 303 ἄχεῖν
842 263 879 295 ut
900 259 969 295 sint
992 258 1137 296 eaedem
1161 270 1269 297 voces
1291 270 1369 296 cum
1399 259 1592 295 amisissent
1620 257 1686 293 hae
1714 257 1882 305 digamma
1910 263 1947 295 et
1981 257 2071 294 ἶῶια
2100 263 2137 295 et
2166 264 2205 295 ut
2232 261 2299 296 sint

198 326 217 350 a
241 315 385 351 librariis
415 316 583 351 interdum
607 318 733 350 mutata
756 314 846 349 inter
869 324 925 359 se,
955 325 976 350 a
1000 316 1111 361 poetis
1140 316 1221 353 dico
1242 316 1381 352 diverso
1412 325 1519 350 sensu
1543 314 1691 350 adhibita
1714 324 1806 349 esse.
1854 315 1934 359 quid
1957 315 2062 362 igitur
2083 315 2170 351 fiet?
2217 325 2296 352 num

197 371 399 407 violentiore
427 371 582 407 remedio
613 380 700 416 opus
730 370 809 406 est?
857 381 927 407 non
957 371 1082 417 credo,
1113 372 1177 409 sed
1206 372 1299 418 quod
1322 371 1495 407 Bentleius
1528 370 1765 417 suspicabatur
1787 369 1875 405 ῖαῖυα
1896 370 2097 406 coalescere
2120 381 2295 408 nonnum-

198 436 297 472 quam
322 438 399 462 cum
422 431 589 473 sequente
610 427 720 462 vocali
743 427 778 461 in
802 427 1057 474 diphthongum,
1080 438 1282 474 quamquam
1306 438 1383 463 eam
1406 427 1599 473 opinionem
1616 435 1799 461 erroneam
1823 425 1908 461 dixit
1929 426 1982 461 vir
2004 428 2215 473 sagacissimi
2235 428 2294 463 in-

196 484 288 528 genii
316 483 505 518 Meinekius
534 484 568 517 in
600 482 655 517 ed.
681 481 767 516 Oed.
798 481 874 517 Col.
898 482 976 517 Ber.
1004 482 1108 518 ¹863.
1131 494 1164 530 p.
1188 482 1287 529 316„
1316 483 1350 519 id
1373 482 1493 519 nescio
1522 492 1566 517 an
1588 482 1643 516 hic
1666 480 1791 516 sactum
1821 481 1879 516 sit:
1911 491 1981 516 non
2008 492 2077 527 quo
2106 493 2293 519 consonam

195 538 340 573 litteram
370 536 456 572 ἰῶτα
483 537 589 573 fuisse
620 546 796 582 censeam,
829 537 892 573 sed
920 542 958 573 ut
985 537 1126 574 brevior
1154 549 1262 576 sonus
1290 549 1315 574 α
1343 538 1449 586 longo
1478 537 1686 584 praemissus
1717 537 1761 572 sit
1785 536 1907 572 eadem
1930 537 2062 573 ratione
2086 547 2153 584 qua
2176 549 2221 575 εα
2245 551 2293 575 oa

196 593 429 639 monosyllaba
458 593 606 629 fuerunt.
654 593 944 629 interiectionibus
972 594 1006 628 in
1036 595 1167 639 primis,
1193 606 1271 630 cum
1299 595 1387 629 haec
1415 595 1550 628 licentia
1580 594 1791 636 reiceretur,
1821 602 1929 637 saepe
1957 593 2092 627 videtur
2119 595 2174 629 vis
2201 594 2291 630 facta

198 658 294 693 esse,
319 645 362 684 ἰώ
385 645 423 697 ἲή
446 647 601 685 ἰατταταῖ
629 648 802 684 similibus.
851 645 937 692 ιάχά
965 652 1078 684 autem
1107 650 1354 686 substantivum
1382 649 1588 695 bisyllabum.
1610 647 1716 684 fuisse
1745 658 1822 683 cum
1851 648 1997 684 maxime
2027 648 2162 685 videtur
2189 660 2289 686 com—

196 704 334 749 probari
361 703 505 739 Medeae
541 714 646 739 versu
684 703 762 739 150.
793 704 847 739 ed.
878 704 1061 740 Kirchhoff.
1091 701 1199 749 ἰαχάν
1228 704 1312 741 οἵαν
1341 717 1365 741 α
1394 702 1571 745 δύστανος
1601 705 1745 747 ᾱίιιιριτο
1786 713 1886 750 anap-
1916 703 1975 740 ubi
2003 704 2088 740 miro
2117 715 2288 743 consensu

197 771 316 796 omnes
339 759 414 795 libri
437 763 575 795 tuentur
598 769 675 794 eam
700 760 912 806 scripturam.

366 817 461 858 Quae
485 820 673 860 sequuntur
696 826 834 851 versum
861 816 938 851 185.
961 826 1071 862 usque
1096 817 1139 852 ad
1167 817 1268 852 linem
1298 818 1420 853 commi
1445 817 1640 864 Iphigeniae
1671 817 1862 852 tribuerunt
1889 817 1982 862 libri,
2011 816 2224 854 Hermannus
2253 824 2288 854 et

196 871 374 909 Elmsleius
397 872 549 919 proxima
573 872 671 917 sequi
694 872 883 908 sentientes
907 883 996 918 quae
1020 873 1144 909 chorus
1168 873 1335 920 pollicitus
1360 878 1414 910 est
1436 874 1599 918 lamenta,
1623 874 1709 909 haec
1738 883 1849 919 usque
1874 873 1917 908 ad
1940 884 1973 908 v.
2000 872 2078 908 195.
2103 875 2286 910 continua-

196 933 320 964 verunt
342 929 459 963 choro.
507 929 580 963 sine
606 928 707 963 dubio
732 929 823 973 quod
847 928 928 963 illud
951 929 1001 964 eis
1026 929 1152 964 bonum
1176 930 1353 965 exordium
1381 930 1560 965 videbatur
1586 926 1628 971 ἐξ
1655 926 1773 974 ἀρχᾶς
1793 939 1862 973 μοι
1891 927 2112 973 δυσδαίμων.
2159 940 2284 966 ιιιοιιο-

197 989 306 1020 meter
329 988 442 1019 autem
465 981 528 1019 ἐπὶ
551 982 612 1019 σοὶ
635 983 791 1028 δαίμων,
816 984 950 1019 minime
974 985 1204 1030 mutilus-ille,
1227 995 1334 1031 pausa
1358 986 1470 1020 addita
1493 985 1672 1030 praeclare
1701 984 1838 1019 videtur
1860 984 2057 1030 Iphigeniae
2088 987 2285 1030 conveu're,

196 1046 233 1074 ut
262 1041 305 1075 de
335 1040 441 1074 fratre
473 1039 722 1085 intellegendus
751 1040 810 1073 sit:
847 1040 1017 1075 calamitas
1045 1050 1110 1085 per
1139 1041 1274 1076 domum
1304 1041 1466 1087 gradiens
1497 1040 1646 1075 ultimum
1682 1040 1748 1073 iam
1778 1039 1837 1084 qui
1865 1043 1975 1075 restat
2004 1038 2162 1075 Orestem
2191 1042 2285 1087 petit.

196 1098 308 1141 itaque
322 1095 514 1140 Koechlyus
540 1093 618 1128 192.
642 1091 874 1134 δινευούσαις
896 1092 1068 1130 ἵπποισνν
1090 1097 1207 1131 versui
1228 1097 1450 1141 praescripsit
1473 1106 1598 1131 nomen
1621 1095 1828 1141 Iphigeniae,
1852 1096 1982 1130 rectius
2006 1095 2153 1130 fortasse
2169 1096 2284 1143 Berg-

196 1153 270 1186 kius
295 1153 328 1185 in
352 1150 437 1186 Mus.
451 1150 557 1184 Rhen.
571 1149 671 1183 XVII.
685 1160 777 1184 vers.
795 1149 870 1184 189.
892 1151 946 1184 ed.
970 1150 1099 1186 Nauck.
1124 1152 1340 1187 omissionem
1365 1156 1478 1186 autem
1501 1155 1580 1196 post
1601 1148 1750 1195 μόχθος
1775 1148 1809 1184 δ’
1834 1147 1875 1184 ἐκ
1898 1147 2060 1193 μόχθων
2086 1146 2196 1197 ᾄσσει
2219 1153 2282 1187 iam

196 1208 341 1253 signavit
363 1207 398 1240 in
420 1205 476 1240 ed.
500 1204 726 1239 Kirchhoffius
751 1209 858 1238 ortam
883 1205 1029 1240 fortasse
1053 1216 1097 1240 eo
1123 1207 1242 1250 modo,
1267 1216 1367 1251 quem
1391 1206 1558 1252 Bergkius
1581 1205 1806 1251 excogitavit,
1835 1208 1873 1239 ut
1895 1202 2006 1251 ᾄσσει
2028 1205 2062 1239 in
2087 1206 2160 1241 eius
2184 1208 2283 1242 etiam

196 1272 317 1297 versus
341 1261 407 1295 fine
433 1260 534 1295 fuerit
558 1260 614 1305 qui
638 1260 862 1294 antecedebat
886 1257 1115 1301 δινευούσαις
1136 1259 1205 1297 κτέ.
1255 1272 1275 1296 a
1298 1263 1401 1296 totius
1420 1262 1540 1297 domus
1566 1261 1703 1296 fortuna
1726 1260 1769 1295 ad
1786 1252 1883 1295 suam
1898 1261 2005 1305 ipsius
2023 1264 2152 1296 sortem
2164 1266 2281 1298 trans-

195 1320 285 1352 iens:
309 1318 370 1360 sic,
393 1317 510 1361 inquit,
535 1326 553 1349 a
578 1316 742 1361 principio
767 1316 800 1350 di
822 1315 935 1350 infesti
957 1317 1035 1351 mihi
1058 1316 1207 1361 fuerunt,
1232 1321 1267 1352 et
1290 1318 1388 1363 peior
1411 1318 1510 1352 etiam
1534 1316 1623 1352 facta
1645 1320 1699 1351 est
1722 1325 1799 1350 mea
1823 1325 1900 1351 sors
1920 1315 2046 1351 Oreste
2070 1321 2221 1361 mortuo;
2245 1324 2280 1354 ut

194 1385 270 1409 cum
301 1372 451 1419 querella
482 1372 525 1407 de
551 1371 675 1406 Oreste
705 1372 836 1407 finiatur
865 1376 994 1408 cantus.
1042 1373 1156 1418 itaque
1184 1378 1263 1419 post
1291 1370 1356 1408 ἐπὶ
1385 1371 1445 1408 σοὶ
1474 1372 1614 1418 δαίμων
1644 1376 1680 1407 ut
1708 1371 1832 1407 credas
1861 1382 1937 1407 cum
1961 1371 2111 1418 Bergkio
2142 1374 2280 1410 chorum

194 1442 270 1465 cum
294 1430 421 1464 solacio
446 1428 591 1463 adfatum
615 1438 693 1462 esse
718 1428 923 1474 Iphigeniam
946 1428 1035 1463 nulla
1057 1429 1193 1464 videtur
1217 1439 1339 1464 caussa
1364 1440 1455 1465 esse.

361 1485 429 1522 Sed
453 1484 644 1519 addendum
668 1488 774 1519 restat
798 1484 922 1528 aliquid
945 1484 988 1519 ad
1012 1485 1211 1519 stabilienda
1236 1496 1277 1519 ea
1302 1496 1389 1529 quae
1414 1486 1578 1530 proposui
1601 1487 1635 1519 in
1660 1485 1767 1518 altero
1792 1485 1914 1529 capite.
1963 1489 2083 1519 contra
2108 1487 2281 1522 dochmios

192 1544 281 1577 enim
310 1551 354 1576 ne
383 1540 502 1574 videar
532 1540 688 1573 iniustum
718 1540 814 1583 quasi
844 1539 969 1573 bellum
995 1541 1191 1585 suscepisse
1220 1541 1382 1585 abreptus
1413 1541 1513 1575 nimio
1543 1540 1826 1586 prosodiacorum
1850 1549 1967 1574 amore
1993 1543 2028 1575 et
2051 1541 2280 1586 praeiudicata

192 1599 369 1645 opinione,
393 1595 581 1631 cavendum
605 1598 668 1629 est.
717 1595 909 1639 complures
934 1595 1023 1629 enim
1049 1596 1195 1631 dochmii
1222 1607 1299 1631 cum
1323 1597 1523 1642 saepissime
1552 1597 1766 1630 inveniantur
1795 1606 1871 1629 cum
1896 1598 2088 1640 anapaestis
2112 1599 2281 1633 coniuncti

190 1654 391 1701 praesertim
415 1651 504 1696 apud
527 1650 736 1695 Euripidem,
767 1660 868 1684 unum
897 1650 1086 1684 doohmium
1109 1662 1154 1685 ex
1183 1652 1401 1697 anapaestico
1424 1651 1575 1685 Creusae
1607 1651 1759 1685 carmine
1783 1660 1847 1685 cur
1870 1650 2049 1696 eiecerim,
2074 1654 2280 1697 quaesiverit

191 1713 338 1747 sortasse
363 1707 537 1753 quispiam.
586 1704 697 1740 fateor
720 1709 902 1751 praeterea
925 1706 1016 1751 quod
1039 1707 1081 1741 ab
1105 1711 1307 1754 argumento
1331 1708 1386 1743 illo
1412 1708 1541 1742 alienus
1566 1717 1646 1742 esse
1670 1707 1847 1742 videretur
1869 1707 1899 1741 is
1925 1717 2088 1743 numerus
2113 1713 2148 1743 et
2172 1720 2279 1754 prae-

190 1766 286 1802 terea
310 1765 402 1809 quod
418 1755 572 1797 'dochmii
601 1765 755 1795 naturam
779 1771 925 1805 poscere
949 1762 1128 1796 crederem
1156 1768 1194 1797 ut
1218 1763 1419 1806 aliquotiens
1441 1767 1634 1806 repetatur,
1651 1772 1735 1795 ·nam
1760 1762 1928 1795 sermonis
1952 1763 2155 1798 continuitas
2178 1765 2279 1799 nimio

189 1823 308 1857 dolore
332 1823 389 1854 aut
415 1818 515 1852 nimio
539 1816 663 1862 gaudio
693 1820 792 1860 rupta
808 1825 890 1850 -non
914 1816 1024 1851 subito
1048 1817 1140 1852 solet
1159 1818 1378 1863 recuperari,
1409 1821 1590 1863 praeterea
1615 1816 1727 1851 fateor
1751 1817 1785 1850 in
1808 1817 1891 1861 ipsis
1916 1818 2140 1862 anapaesticis
2163 1821 2277 1855 versi-

190 1879 251 1912 bus
276 1885 432 1911 caussam
455 1872 534 1907 mihi
557 1871 781 1906 desideratam
806 1881 899 1914 esse,
918 1882 980 1907 cur
1002 1872 1068 1907 illic
1092 1873 1125 1907 in
1149 1873 1381 1909 dochmiacum
1398 1883 1575 1908 numerum
1594 1872 1768 1918 delapsam
1792 1882 1872 1907 esse
1896 1872 2059 1907 Creusam
2082 1874 2275 1911 arbitrarer.

356 1928 641 1973 Tranquillitatem
664 1928 830 1971 quandam
853 1927 989 1962 referre
1013 1930 1266 1974 anapaesticum
1289 1934 1444 1973 metrum,
1468 1933 1506 1964 ut
1528 1930 1620 1974 paris
1644 1929 1801 1974 generis,
1825 1929 1984 1972 idemque
2007 1926 2131 1968 πάθος
2163 1932 2276 1974 quod-

185 1990 261 2023 dam
285 1996 388 2031 supra
412 1987 709 2019 commemoratum
726 1987 791 2026 est,
814 1993 1014 2027 quamquam
1032 1981 1160 2024 πάθος
1177 1986 1351 2030 proprium
1364 1988 1418 2020 est
1428 1984 1620 2029 {meum-um
1640 1983 1782 2028 duplicis
1795 1986 1831 2018 et
1847 1983 2042 2028 sescuplicis
2061 1986 2212 2030 generis.
2236 1988 2278 2022 ad

184 2043 415 2079 dochmiacum
452 2043 563 2074 autem
594 2039 890 2073 concitatissimum
920 2043 1016 2074 certe
1052 2043 1087 2074 et
1111 2040 1377 2076 turbatissimum
1412 2051 1590 2075 numerum
1624 2040 1666 2074 ab
1704 2040 1897 2084 anapaestis
1928 2040 2104 2073 transitum
2131 2041 2276 2077 faciebat

186 2099 363 2144 Euripides
382 2106 445 2141 per
463 2096 590 2140 cyclios
614 2099 837 2138 anapaestos,
862 2096 957 2128 cuius
976 2105 1157 2129 mensurae
1175 2096 1209 2129 in
1222 2096 1279 2130 illo
1292 2097 1425 2130 cantico
1451 2096 1576 2130 nullum
1601 2099 1655 2129 est
1678 2094 1868 2139 vestigium.
1915 2094 2040 2127 etenim
2064 2095 2162 2139 cyclii
2187 2106 2276 2132 ana-

187 2154 297 2199 paesti
327 2162 403 2187 cum
433 2159 534 2196 pares
559 2150 630 2183 sint
660 2159 819 2184 mensura
847 2149 964 2184 iambis
994 2150 1027 2185 h.
1058 2160 1088 2185 e.
1114 2154 1286 2185 ternarum
1309 2161 1498 2195 morarum,
1527 2150 1673 2185 iambum
1704 2148 1872 2185 interdum
1895 2148 2071 2184 admittunt
2095 2161 2160 2196 pro
2185 2163 2274 2188 ana..

185 2213 315 2255 paesto.
364 2211 422 2242 aut
445 2206 533 2241 enim
556 2206 653 2251 primi
680 2205 777 2251 pedis
801 2207 975 2240 anacrusis
1006 2217 1073 2240 una
1097 2216 1192 2240 mora
1216 2206 1411 2250 conficitur,
1442 2216 1530 2251 quos
1553 2207 1754 2252 plerumque
1778 2205 1893 2240 dIcunt
1915 2204 2044 2249 cyolios
2068 2213 2275 2252 anapaestos

185 2266 240 2299 tel
264 2264 413 2298 aeolicos
436 2261 500 2303 (cs.
522 2261 643 2295 Tricha
667 2271 699 2305 p.
725 2260 766 2294 21
773 2263 814 2304 .),
838 2265 895 2295 aut
914 2251 1006 2296 imus
1029 2262 1084 2296 vel
1107 2262 1224 2307 plures
1254 2262 1353 2296 iambi
1377 2262 1571 2307 anapaestis
1600 2261 1870 2307 subiunguntur,
1899 2269 1986 2304 quos
2009 2269 2139 2296 vocare
2162 2263 2274 2299 solent

182 2317 581 2366 anapaesto-logaoedos
606 2315 670 2357 (cf.
693 2315 832 2351 Aristid.
857 2316 990 2357 Quintil.
1014 2328 1048 2363 p.
1073 2316 1166 2358 53-.:)
1190 2318 1223 2352 in
1247 2318 1401 2362 utrisque
1426 2321 1538 2352 autem
1552 2317 1726 2352 ordinibus
1741 2319 1946 2360 anapaestos
1961 2315 2149 2351 iamborum
2173 2329 2273 2353 men-

181 2386 295 2410 suram
318 2383 467 2418 aequare
492 2372 708 2406 consentiunt
730 2375 868 2406 veteres
893 2376 928 2405 et
951 2377 1090 2407 nostrae
1114 2373 1235 2407 aetatis
1260 2373 1304 2407 de
1328 2383 1368 2407 re
1392 2373 1533 2407 metrica
1556 2372 1752 2417 scriptores.
1801 2370 1859 2414 qui
1879 2369 1982 2415 igitur
2005 2376 2170 2414 quau-m·
2193 2385 2273 2409 mo-

183 2442 245 2465 ras
269 2430 443 2464 continent
467 2428 640 2472 anapaesti
664 2437 844 2471 numquam
868 2437 945 2461 cum
968 2427 1130 2462 dochmiis
1152 2428 1324 2463 coniuncti
1350 2432 1429 2463 sunt
1456 2438 1476 2462 a
1499 2427 1649 2473 tragicis.
2195 2442 2197 2444 >

348 2483 502 2518 Dochmii
524 2493 600 2517 cum
626 2482 740 2527 cycliis
765 2483 957 2527 anapaestis
980 2483 1073 2518 mixti
1096 2488 1174 2518 sunt
1196 2485 1230 2517 in
1254 2484 1379 2518 Phoen.
1407 2483 1484 2518 103.
1510 2492 1584 2527 sqq.
1607 2481 1729 2516 ibidem
1754 2479 1834 2515 324.
1860 2480 1949 2514 inter
1974 2479 2149 2518 dochmios
2173 2487 2274 2529 posi-

102 2536 128 2556 ⁶
182 2545 234 2575 tus
259 2539 344 2575 hanc
368 2549 560 2573 mensuram
585 2538 685 2572 habet
709 2564 774 2580 ,Ν
804 2553 854 2571 -’.
877 2563 943 2579 ω,
965 2565 1024 2573 .-
1047 2566 1103 2572 -.
1125 2554 1183 2574 -·-.
1205 2565 1234 2580 „
1256 2569 1313 2575 -.

850 2589 946 2628 ὅθεν
969 2590 1062 2637 ἐμάν
1086 2604 1125 2628 τε
1148 2591 1355 2639 λευκόχροα
1372 2593 1546 2638 »κείρομαι

850 2645 1066 2693 δακρυόεσᾷ
1090 2646 1221 2684 ἀνεῖσα
1243 2649 1382 2684 πένθει
1404 2646 1536 2692 κόμαν,

847 2702 1017 2744 ἄπεπλος
1041 2704 1193 2749 φαρέων
1216 2704 1368 2747 λευκῶν,
1391 2703 1533 2745 τέκνον,

845 2758 1078 2805 δυσορφναία
1102 2757 1134 2794 δ’
1161 2757 1258 2805 ἀμφὶ
1280 2756 1391 2804 τρύχη
1417 2755 1503 2793 τάδε
1526 2755 1598 2793 κτὲ.
