2453 3070
1092 137 1346 179 ..7—

169 238 302 290 ruptum
316 253 410 279 esse
434 245 546 292 arguit
569 238 730 287 metrum,
749 254 827 279 cum
850 239 884 279 in⁷
909 242 1084 288 ’χαλωούς
1107 242 1506 292 penultimaprobrevi
1526 245 1636 291 posita
1666 245 1719 280 sit.
1753 246 1897 292 egregie
1928 244 2122 280 emendavit
2144 243 2261 278 Blem-

168 300 301 336 fieldius
325 296 616 353 πόλινέξόρμα,
649 295 941 345 σεῖεχαλινοόςς
958 308 1049 336 ἰιιιιιι
1065 299 1229 338 ‘habenas
1259 305 1447 337 concutere
1472 301 1515 337 ad
1543 301 1733 337 incitandos
1765 311 1875 347 equos
1895 305 1934 337 ut
1958 301 2106 337 ommam
2128 300 2263 345 estqui

169 356 266 400 equis
290 360 430 391 utuntur
450 357 634 406 hominum,
657 358 703 391 ita
727 356 851 391 dictum
875 366 967 392 esse
980 366 1000 391 a
1025 357 1166 393 Graecis
1190 356 1391 393 confirmant
1412 357 1479 392 loci
1508 355 1932 406 8ορ1ι.Ε1.702.ἤνίας
1958 359 2086 403 χεροῖν
2114 352 2271 391 ἔσεισαν·

170 415 205 445 et
228 412 307 446 Ant.
332 411 416 447 109.
434 411 549 446 Herm.
573 409 764 477 κινήσασα
773 411 931 459 χαλυνῳ,
956 413 1014 457 qni
1037 413 1156 449 tollunt
1178 413 1349 449 Matthiaei
1372 413 1625 449 dubitationem.
1650 413 1813 458 futurum,
1836 418 1874 449 ut
1888 413 2024 448 videtur
2035 412 2262 452 ’,Ρίτιιὶιιιὶιοτο

171 462 403 503 necessarium
426 467 479 502 hic
503 477 572 503 non
596 465 664 511 e'st3
688 465 757 514 γάρ
770 468 976 503 coniunctio
998 468 1080 504 nihil
1102 469 1269 516 significat
1292 469 1359 504 nisi
1387 468 1438 504 his
1461 469 1577 504 verbis
1602 468 1680 504 addi
1703 479 1791 514 quae
1819 480 1865 505 ex
1887 469 1969 513 illis,
1998 478 2086 514 quae
2116 472 2263 502 antece—
2288 500 2290 502 ,

172 523 266 567 dunt,
289 527 489 575 sequuntur,
514 533 579 559 nec
602 522 755 559 futurum
771 530 840 559 non
862 523 1097 579 imperativum
1114 529 1180 570 est,
1203 530 1241 561 ut
1263 525 1411 570 utroque
1434 526 1559 571 poetae
1583 525 1716 560 licuerit
1740 527 1797 560 uti.
1822 526 1886 561 sed
1909 526 2027 561 videas
2047 529 2153 560 totam
2178 534 2264 558 sen-

172 579 318 613 tentiam.
360 579 487 624 primus
524 580 634 615 statim
666 588 808 615 versus
825 580 969 615 maxime
1002 576 1139 634 vexavit
1168 582 1386 637 interpretes.
1433 580 1618 616 Barnesius
1654 582 1771 615 vertit:
1812 591 1890 615 nam
1920 582 1949 616 si
1983 581 2058 615 eius
2093 580 2264 614 comitatui

172 629 349 678 occurras;
373 629 565 680 eodemque
588 635 689 670 modo
712 635 924 671 Hermannus
948 639 985 671 ut
1007 647 1066 671 vam
1089 634 1259 682 πόμπαις
1282 638 1326 672 sit
1348 637 1412 683 pro
1435 640 1512 678 τοῖς
1542 636 1739 681 πεμπουσί
1765 648 1841 671 νιν.·
1870 638 1949 682 quia
1980 634 2100 671 ἀντάω
2131 635 2264 669 obviam

172 691 292 726 venire
318 692 546 727 accusativum
569 702 639 727 non
663 692 836 735 adsciscit3
865 691 946 727 illud
976 696 1090 727 autem
1114 693 1236 729 durum
1258 698 1322 729 est.
1369 693 1564 740 Hartungus
1588 697 1695 728 mutat
1716 705 1775 728 νιν
1798 694 1834 728 in
1855 695 1937 737 νῦν,
1962 694 2028 727 iam
2052 692 2263 727 Latinorum

172 748 346 793 pergentis
377 749 410 782 in
435 748 609 789 oratione3
638 752 675 782 ut
699 745 850 792 πόμπαι
873 748 953 782 item
977 748 1043 783 sint
1067 750 1227 793 comites,
1256 749 1498 795 de'lphigenia
1522 760 1566 784 ne
1590 750 1699 784 verbo
1724 749 1859 794 quidem
1884 749 2008 785 addito.
2034 749 2191 792 equidem
2216 749 2264 781 sic.

172 803 329 848 suspicor
352 804 429 838 olim
453 804 616 849 scriptum
642 803 749 838 fuisse
772 806 851 842 σαῖς
872 799 940 850 γάρ
963 814 1025 838 νιν
1048 802 1231 849 πόμπαις,
1256 802 1428 854 ἀντήσας,
1453 802 1569 841 πάλιν
1591 802 1743 851 ἐξόρμα,
1768 807 1845 841 σεῖε
1867 801 2063 849 χαλινούςε
2092 808 2150 839 tuo
2176 804 2264 837 enim

173 869 248 894 eam
273 870 350 894 cum
373 859 544 903 comitatu,
569 859 626 895 ubi
648 859 833 903 inveneris,
857 862 952 894 retro
976 860 1045 895 cito
1070 860 1148 906 duc,
1172 865 1319 896 concute
1342 860 1450 896 frena.
1476 862 1585 907 ipsum
1606 871 1726 897 senem
1749 861 1843 896 iubet
1860 872 1938 896 cum
1953 860 2127 906 Iphigenia
2145 860 2263 904 Argos

174 915 359 959 proficisci,
388 916 608 961 praesertim
618 926 695 950 cum
720 915 876 951 Aulidem
906 915 1044 951 rediens
1076 916 1288 963 deprehendi
1316 918 1425 965 possit
1450 921 1485 953 et
1508 928 1650 953 movere
1673 918 1902 964 suspicionem
1923 916 2073 952 Achaeis
2099 916 2142 950 de
2167 915 2265 960 Aga·

174 972 360 1007 memnonis
382 975 508 1007 mutato
533 972 684 1007 consilio.

340 1039 380 1073 V.
407 1039 484 1074 155.
516 1039 696 1075 λευκαίνει
724 1036 810 1074 τόδε
838 1040 920 1084 φως
947 1036 1019 1089 ἤδη
1052 1038 1239 1086 λα’μπουσ’
1268 1038 1345 1088 ηαὶς
1374 1040 1577 1075 vertendum
1608 1045 1662 1076 est
1693 1041 1803 1077 album
1829 1040 1951 1084 efficit,
1976 1050 2046 1075 ιιοιι
2070 1000 2200 1081 reddit,
2231 1042 2267 1071 ιιι

175 1095 312 1140 saepius
335 1096 518 1140 loquuntur
540 1101 675 1141 poetae.
701 1096 743 1130 de
769 1094 885 1130 albore
909 1096 1007 1139 caeli,
1033 1107 1133 1142 quem
1157 1099 1191 1133 in
1215 1098 1276 1134 illis
1301 1098 1500 1144 regionibus
1525 1108 1623 1133 mane
1648 1098 1837 1145 digniorem
1866 1107 1947 1133 esse
1971 1100 2128 1142 spectatu
2153 1095 2268 1129 dicunt

174 1160 273 1194 quam
296 1151 470 1194 ruborem,
493 1151 683 1197 comparari
703 1155 847 1197 possunt
866 1151 983 1187 Catulli
1006 1153 1113 1189 verba
1135 1154 1199 1190 sed
1220 1154 1279 1189 ubi
1303 1154 1376 1189 om
1394 1154 1494 1188 aurei
1510 1153 1573 1189 Sol
1587 1154 1808 1190 radiantibus
1821 1154 1929 1190 oculis
1948 1153 2107 1188 lustravit
2124 1150 2267 1185 aethera

175 1206 290 1241 album
314 1211 348 1242 et
370 1208 462 1242 multi
485 1211 624 1247 nostrae
649 1208 769 1242 aetatis
792 1207 864 1241 Itali
887 1213 1021 1253 poetae.

284 1307 295 1313 -
345 1284 413 1320 Sed
436 1286 493 1330 qui
517 1285 582 1320 hoc
607 1285 762 1331 exemplo
787 1289 898 1320 motus
923 1287 1135 1322 concesserit
1158 1286 1191 1320 in
1216 1287 1411 1331 systematis
1436 1288 1661 1333 anapaesticis
1686 1298 1755 1323 non
1779 1292 1909 1329 temere
1932 1288 2065 1333 positos
2083 1297 2163 1321 esse
2182 1295 2266 1330 par-

177 1340 349 1375 oemiacos
373 1351 485 1387 neque
510 1341 681 1387 spondeos
706 1345 742 1376 et
765 1341 917 1387 dactylos
940 1352 1004 1389 pro
1028 1332 1220 1388 anapaestis
1244 1345 1280 1377 et
1302 1341 1380 1377 hinc
1405 1343 1462 1388 qui
1486 1344 1678 1390 suspicatus
1703 1345 1768 1379 erit
1784 1324 2072 1389 etiarfflipodias
2097 1342 2140 1377 de
2163 1341 2266 1375 indu-

178 1397 260 1431 stria
282 1397 444 1441 adhiberi,
468 1398 671 1432 dubitaverit
694 1402 806 1432 tamen
830 1399 859 1433 is
882 1397 1043 1441 fortasse,
1066 1409 1146 1433 num
1169 1399 1303 1433 ratione
1334 1409 1471 1444 semper
1500 1400 1533 1434 in
1555 1401 1722 1441 monodiis
1752 1405 1788 1435 et
1812 1401 1952 1435 commis
1975 1399 2165 1444 Euripideis
2190 1407 2266 1431 me-

179 1456 228 1487 tra
252 1449 435 1497 mutentur,
460 1450 622 1488 dochmiis
646 1451 840 1488 inserantur
863 1453 986 1499 dactyli
1009 1454 1161 1493 trochaei
1185 1453 1259 1489 alia.
1284 1453 1350 1488 hoc
1373 1464 1497 1489 revera
1521 1454 1647 1490 sactum
1671 1466 1750 1491 esse
1769 1460 1804 1491 et
1819 1456 2014 1502 Euripidem
2034 1454 2165 1501 singula
2189 1463 2265 1486 me-

177 1512 229 1543 tra
259 1507 528 1554 oerto'quodam
561 1510 698 1553 ordine,
728 1510 786 1554 qui
814 1510 1016 1545 conveniret
1044 1510 1144 1545 animi
1173 1510 1308 1545 humani
1332 1511 1608 1555 condicionibus,
1638 1512 1801 1557 disposita
1830 1513 1928 1557 quasi
1949 1512 2127 1554 habuisse,
2158 1509 2267 1544 altero

179 1564 255 1599 loco
281 1565 406 1600 Phoen.
433 1564 500 1600 103
525 1576 598 1611 sqq.
624 1566 829 1611 probaturus
852 1565 930 1600 mihi
952 1566 1072 1601 videor
1095 1570 1133 1601 ut
1148 1565 1239 1600 nulla
1263 1566 1427 1602 dubitatio
1450 1567 1671 1612 relinquatur.
1697 1569 1730 1603 in
1747 1568 1811 1603 hac
1829 1568 1917 1603 enim
1940 1566 2180 1612 τειχοσκοπία
2203 1575 2266 1599 se-

178 1630 247 1655 nex
269 1621 465 1664 tranquillus
492 1626 527 1655 et
546 1622 588 1655 de
613 1622 706 1655 urbis
730 1622 838 1655 salute
862 1631 1006 1655 securus
1030 1622 1190 1656 trimetris
1213 1621 1365 1656 iambicis
1387 1623 1547 1666 loquitur,
1571 1623 1764 1669 Antigonae
1786 1625 1967 1669 trepidatio
1988 1623 2137 1668 pingitur
2152 1620 2265 1655 doch-

178 1676 293 1711 miacis
310 1676 484 1719 versibus;
496 1676 670 1723 dactylicis
687 1679 723 1711 et
738 1676 887 1711 iambicis
904 1680 939 1711 et
954 1676 1091 1711 creticis
1107 1676 1256 1711 numeris
1271 1677 1373 1712 utitur
1390 1678 1559 1713 interdum
1576 1688 1652 1713 cum
1668 1689 1792 1725 preces
1804 1683 1839 1715 et
1850 1683 1929 1715 vota
1946 1678 2042 1723 facit,
2058 1676 2263 1723 trepidatio-

178 1742 256 1766 nem
279 1743 356 1766 cum
380 1737 521 1766 coercet
541 1733 736 1777 paullisper,
759 1734 903 1767 trimetri
925 1733 1026 1767 etiam
1049 1733 1245 1767 inseruntur
1272 1733 1413 1767 iambici.
1437 1735 1526 1768 inest
1550 1735 1652 1780 igitur
1676 1736 1773 1779 quasi
1798 1736 1919 1770 climax
1941 1735 2107 1779 quaedam
2132 1736 2265 1767 metro-

178 1796 253 1820 rum
275 1787 309 1821 in
332 1786 382 1821 his
412 1787 570 1822 versibus
599 1797 619 1822 a
646 1787 876 1833 trepidatione
905 1797 1035 1822 summa
1064 1787 1107 1822 ad
1139 1787 1287 1832 quietem
1316 1788 1475 1823 cotidiani
1508 1790 1692 1834 sermonis,
1722 1790 1756 1824 in
1781 1800 1848 1835 qua
1877 1789 2028 1825 medium
2052 1792 2171 1824 tenent
2193 1787 2267 1821 sere

180 1843 364 1888 anapaesti.
387 1843 429 1878 ad
452 1844 681 1878 trimetrorum
705 1844 975 1888 tranquillitatem
998 1844 1147 1890 linguam
1171 1854 1302 1890 cogere
1326 1845 1495 1880 interdum
1519 1846 1653 1881 videtur
1675 1846 1797 1892 puella.
1822 1846 1976 1881 facillime
1996 1846 2037 1880 ad
2055 1856 2162 1880 meam
2181 1854 2265 1877 sen—

179 1899 315 1934 tentiam
340 1895 538 1944 perductum
561 1900 601 1934 iri
624 1899 743 1944 credo,
766 1900 823 1945 qui
846 1911 879 1934 v.
905 1898 976 1934 150
997 1909 1071 1945 sqq.
1089 1900 1282 1935 accuratius
1304 1901 1585 1936 consideraverit.

652 1968 753 2001 ΠΑΙ.
798 1962 850 2001 ‘⁷25’
875 1964 952 2001 ἐστὶ
974 1968 1282 2013 Παρθενοπαῖος,
1304 1965 1513 2014 Ἀταλάντης
1537 1965 1656 2012 γόνος.

816 2019 888 2058 λλά
907 2034 966 2058 νιν
988 2021 1014 2059 οἱ
1036 2021 1113 2059 κατ’
1138 2019 1208 2069 ὄρη
1233 2021 1325 2067 μετὰ
1347 2034 1507 2069 ματερος

788 2076 950 2122 Αρτεμις
973 2078 1102 2122 ἱεμένα
1124 2076 1246 2120 τόξοις
1270 2076 1455 2122 δαμάσασ’
1484 2075 1666 2123 ὀλέσειεν,

798 2129 839 2174 ὂς
860 2130 924 2168 ἐπ’
947 2130 1041 2199 εμᾰν
1066 2130 1179 2169 πόλιν
1202 2130 1269 2179 ἔβα
1292 2133 1454 2180 πέρσων.

653 2191 753 2224 ΠΑΙ.
795 2187 852 2237 εἴη
877 2187 970 2233 τάδ’,
994 2202 1023 2224 ω
1047 2192 1136 2224 παῖ·
1160 2187 1228 2223 συν
1252 2188 1331 2238 δίκῃ
1358 2188 1392 2224 δ’
1409 2186 1544 2237 ἥκουσι
1566 2192 1647 2239 γῆν,

518 2244 596 2280 155.
795 2240 818 2280 ὅ
840 2242 901 2280 καὶ
923 2244 1075 2281 δέδοικα
1097 2244 1150 2293 μη
1176 2244 1343 2281 σκοπωσ’
1356 2242 1499 2313 όρθως
1522 2247 1619 2283 θεοί.

651 2303 725 2337 ΑΝ.
789 2302 869 2336 ποῦ
890 2299 924 2335 δ’
949 2296 992 2342 ὃς
1013 2298 1098 2345 εμοὶ
1120 2303 1208 2346 μιᾶς
1230 2298 1364 2345 εγὲνετ’
1389 2300 1430 2338 ἐκ
1453 2302 1592 2347 ματρός

797 2354 1003 2421 πολυπόνῳ
1025 2356 1158 2403 μοίρᾳ,-

795 2424 824 2446 ω
850 2410 1003 2457 φίλτατ’,
1027 2410 1125 2456 εἶπέ,
1150 2414 1229 2448 ποῦ
1252 2412 1321 2448 ’στι
1344 2413 1585 2460 Πολυνεωιης,
1610 2425 1730 2460 γερον.

178 2488 286 2514 senex
314 2479 469 2514 modeste
498 2490 636 2525 semper
659 2481 778 2526 regiae
803 2481 943 2527 virginis
967 2491 1132 2528 angorem
1157 2485 1192 2516 et
1214 2482 1506 2527 perturbationem
1531 2492 1756 2527 compescens
1774 2493 1805 2515 v.
1827 2481 1895 2516 154
1918 2483 1984 2517 sint
2009 2484 2144 2527 quidem
2172 2485 2270 2526 haec,

178 2534 377 2580 respondet,
400 2534 422 2569 i.
446 2545 477 2570 e.
502 2535 592 2570 idem
613 2545 737 2581 voveo,
761 2540 799 2571 ut
821 2540 935 2572 tamen
959 2536 1157 2572 subaudias:
1182 2538 1277 2573 mitte
1300 2538 1361 2574 has
1385 2548 1528 2584 preces;
1558 2542 1636 2573 sunt
1660 2539 1749 2573 enim
1774 2538 1818 2573 illi
1842 2549 1981 2584 quoque
2003 2541 2082 2575 iusti
2106 2540 2271 2577 homines.

178 2601 244 2636 qua
277 2590 445 2626 sententia
474 2590 588 2627 fratris
616 2592 728 2628 subito
759 2593 1027 2629 commonefacta
1056 2590 1207 2629 tremens
1236 2598 1288 2639 et,
1319 2594 1439 2640 quibus
1466 2594 1567 2629 modo
1598 2594 1688 2629 diras
1719 2595 1903 2641 imprecata
1929 2599 2021 2640 erat,
2046 2601 2207 2633 metuens
2227 2599 2271 2638 de

176 2645 283 2682 fratre
299 2647 490 2692 interrogat
506 2647 687 2692 dochmiis3
705 2660 780 2684 cum
792 2653 905 2684 autem
920 2653 1034 2685 taceat
1050 2659 1160 2685 senex
1176 2650 1449 2697 indignabundus
1466 2650 1625 2695 paullum,
1644 2652 1916 2696 tranquillitatem
1929 2652 2088 2688 simulans
2104 2653 2288 2691 blanditur.

176 2715 205 2737 ω
188 2691 362 2748 ’φίλτατ’
377 2698 450 2737 κτὲ.
474 2702 667 2758 retinetque
682 2704 749 2740 hoc
766 2708 910 2740 metrum
932 2709 968 2742 et
983 2705 1117 2742 dicendi
1131 2716 1244 2753 genus
1259 2706 1371 2742 donec
1387 2717 1420 2741 v-
1440 2704 1519 2741 163.
1544 2705 1657 2742 fratris
1681 2706 1854 2744 desiderio
1876 2708 1912 2743 in
1927 2713 2137 2754 anapaestos*
2150 2712 2273 2747 iterum

176 2758 338 2794 relabitur
362 2761 397 2793 et
418 2757 556 2793 fratrem
578 2760 689 2815 ipsum
711 2762 890 2797 nominans
912 2762 948 2796 in
961 2761 1170 2807 dochmios,
1180 2762 1301 2807 quibus
1324 2762 1444 2798 inserit
1467 2762 1559 2797 senis
1583 2773 1716 2800 memor
1738 2765 1937 2801 trimetrum.
1961 2769 2041 2800 sunt
2063 2770 2234 2803 ceterum
2240 2770 2272 2803 hi

178 2813 323 2851 documii
345 2810 519 2851 laetissimi
541 2821 719 2852 summum
735 2815 903 2864 gaudium·
916 2820 966 2852 et
974 2815 1089 2855 fratris
1113 2818 1343 2864 praesentiam
1373 2818 1436 2855 sibi
1459 2818 1620 2866 fingentis
1643 2820 1781 2867 puellae
1804 2821 1906 2867 plane
1930 2821 2058 2857 diversi
2084 2833 2102 2857 a
2132 2824 2272 2869 reliquis
