2453 3070
1109 108 1390 148 -ῃ-

971 210 1086 258 οἴμοι,
1108 224 1234 262 μαιερ,
1259 214 1340 255 πως
1361 213 1519 261 φθέγγει

967 265 1150 315 ἆμὲἵαῧᾱ
1171 280 1311 312 ’‘W’‘

966 319 1135 367 μάνυσόν
1159 335 1228 369 μοι
1248 321 1417 370 μάνυσον

202 386 259 417 aut
283 382 416 418 ultimus
439 379 607 426 μάνυσον
629 378 803 424 μάνυσον
825 377 954 425 μᾶτερ,
978 389 1057 414 nam
1078 380 1303 425 prosodiacus
1326 380 1378 415 his
1401 378 1517 415 verbis
1541 379 1677 424 videtur
1698 388 1768 415 non
1791 381 1989 417 convenire.

369 446 467 489 Quod
494 445 598 493 igitur
620 444 825 480 Fritzschius
854 443 1031 485 maximam
1059 453 1140 487 esse
1167 445 1204 481 in
1232 444 1400 481 monodiis
1428 448 1465 481 et
1492 432 1633 481 comm'u
1661 443 1854 491 Euripideis
1880 450 2064 484 metrorum
2091 448 2293 487 unaue·

201 501 284 538 dixit
306 502 490 538 obsecutus
513 502 677 547 Dionysio
700 500 991 536 Halicarnassensi
1014 500 1240 546 potissimum,
1263 501 1361 537 cuius
1382 500 1470 536 haec
1493 504 1572 536 sunt
1594 500 1639 545 de
1669 511 1822 547 compos.
1845 502 1943 537 verb.
1966 512 1997 538 c.
2021 502 2078 539 ¹9.
2125 504 2165 540 οἳ
2184 505 2233 541 δέ
2250 516 2292 550 ra

199 555 519 603 διθυραμβοποιοὶ
545 554 607 591 καὶ
632 553 716 596 τούς
743 551 906 601 τρόπους
932 554 1179 601 μετέβαλλον,
1209 555 1373 604 Δωρίους
1400 567 1440 592 τε
1467 553 1529 591 καὶ
1552 554 1734 602 Φρυγίους
1761 554 1832 591 καὶ
1850 556 2016 599 Λυδίους
2043 555 2086 594 ἐν
2113 558 2167 607 τῷ
2193 557 2293 609 αὐτῷ

200 607 334 656 ᾅσματι
361 612 576 652 ποιοῦντες·
587 610 648 646 καὶ
675 609 739 650 τοὶς
765 609 945 656 μελῳδίας
967 607 1201 656 ἐξήλλαττον,
1224 609 1303 647 τοτὲ
1324 608 1394 655 μὲν
1417 609 1658 656 ἐναρμονίους
1680 610 1876 651 ποιοῦντες
1897 610 1977 647 ωτὲ
1999 611 2043 648 δὲ
2063 613 2292 659 χρωμαωιὰς

199 663 279 701 τοτὲ
311 664 353 702 δὲ
381 663 584 710 διατόνους,
608 661 642 701 ld
665 675 786 701 verum
814 664 948 700 videtur
976 674 1076 710 esse,
1102 665 1166 702 sed
1194 665 1387 702 addendum
1418 666 1546 714 gradus
1574 665 1823 712 quodammodo
1854 666 1919 704 sibi
1940 668 2114 706 invenisse
2141 675 2290 718 petam,

200 722 322 766 quihus
351 722 556 758 ascenderet
585 722 628 757 ad
657 722 878 757 concitatiora
906 724 1014 756 metra
1046 721 1236 771 quibusque
1265 722 1511 766 descenderet,
1540 726 1575 763 et
1603 732 1714 768 genus
1742 724 1893 768 numeri,
1922 724 2014 768 quod
2041 724 2143 760 nodie
2165 730 2290 762 tactum

199 782 335 822 vocant,
357 788 426 812 non
449 778 495 813 ita
518 777 619 812 facile
641 781 804 812 mutatum
827 786 919 820 esse,
942 779 980 811 ut
1002 776 1164 812 transitus
1187 776 1261 812 lieri
1283 777 1434 823 potuerit
1457 777 1499 812 ab
1523 777 1717 823 anapaestis
1739 781 1901 823 quattuor
1922 787 2095 815 morarum
2121 780 2247 817 mduin
2269 791 2289 817 a

202 833 319 869 dorica
341 833 568 880 legitimorum
593 836 813 878 systematum
839 832 952 876 quiete
977 832 1020 867 ad
1043 832 1303 878 trepidationem
1326 836 1363 867 et
1384 832 1564 879 singultum
1588 832 1834 871 dochmiacum

367 894 484 932 Mutati
511 907 730 931 numerorum
760 896 900 943 generis
930 896 1122 942 exemplum
1149 901 1205 932 est
1227 897 1262 931 in
1284 896 1408 931 Medea
1430 906 1501 932 vss.
1525 895 1713 932 96--222
1741 897 1898 933 Medeam
1926 896 2080 934 dolore·—
2101 903 2199 936 suam
2223 910 2290 937 eo-

200 956 359 998 quentem
387 953 477 988 humi
503 953 619 988 iacere
646 952 778 987 dixerat
800 952 926 986 nutrix.
973 952 1040 986 iam
1062 952 1137 997 ipsa
1161 956 1259 987 certo
1289 952 1431 987 consilio
1461 956 1562 997 capto
1590 952 1751 997 victoque
1780 952 1857 987 fere
1889 953 2010 988 dom
2035 954 2164 990 heefflt
2184 957 2291 992 verba

198 1007 327 1044 faciens
351 1007 544 1054 anapaestis
568 1007 725 1054 legitimis
748 1006 941 1054 significans
965 1006 1075 1042 adhuc
1099 1007 1216 1042 dorica
1245 1006 1392 1043 dialecto
1420 1011 1456 1042 et
1479 1007 1561 1043 diris
1585 1007 1746 1054 precisus
1768 1006 1924 1044 furorem
1950 1009 2129 1055 queam
2176 1012 2292 1048 nutrix

199 1063 368 1100 fabulandi
391 1075 467 1099 cum
490 1064 694 1109 paedagogo
716 1068 897 1109 postquam
921 1062 1021 1098 finem
1045 1062 1126 1098 fecit
1147 1063 1275 1098 liberos
1303 1063 1479 1099 abducens
1501 1064 1582 1098 item
1605 1063 1762 1109 legitimis
1785 1066 1980 1109 anapaest'n
2009 1065 2116 1100 utitur
2142 1066 2291 1103 dorhno

199 1119 389 1163 abstinens,
426 1123 463 1154 ut
498 1119 659 1153 librorum
690 1118 891 1153 auctoritate
921 1118 1094 1163 plerisque
1128 1118 1213 1153 locis
1241 1119 1404 1154 innuente
1433 1122 1530 1154 recte
1559 1119 1784 1154 restituerunt
1812 1118 1993 1156 Blmsleism
2023 1124 2059 1156 et
2085 1121 2290 1158 Dindoffins.

198 1177 324 1212 chorus
354 1175 529 1210 mulierum
560 1184 647 1219 quae
672 1174 902 1219 adproperant
931 1183 977 1208 ex
1004 1174 1124 1209 vicinis
1154 1173 1308 1209 dontibus
1336 1174 1605 1209 misen-inordinat
1633 1184 1730 1209 suam
1752 1178 1920 1210 momtrat
1940 1172 2112 1212 “audens
2134 1177 2176 1212 ab
2196 1178 2290 1213 initio

198 1231 405 1277 anapaestici
427 1230 617 1277 systematis
640 1229 673 1264 h.
699 1240 730 1265 e.
755 1233 835 1275 post
857 1232 972 1264 ternas
991 1229 1143 1275 dipodias
1162 1229 1396 1276 anapaesticus
1414 1230 1448 1265 in
1466 1229 1596 1276 cyclica
1612 1234 1818 1277 anapaestos
1842 1235 1878 1267 et
1900 1231 1935 1267 in
1957 1232 2142 1269 wochaeos
2164 1237 2200 1269 et
2223 1234 2288 1270 da-

196 1288 307 1333 ctylos
331 1287 450 1332 quibus
474 1287 559 1322 haec
584 1286 735 1321 clausula
758 1285 936 1320 subiuncta
960 1289 1013 1319 est
1036 1312 1066 1327 υ
1089 1301 1147 1320 „1-
1168 1301 1226 1320 -ι,
1247 1310 1563 1329 υυυυυυ

963 1339 1014 1381 τίς
1037 1339 1100 1375 σοί
1121 1349 1212 1375 ποτε
1233 1339 1297 1381 τῆς
1323 1337 1492 1376 ἀπλάτου

963 1395 1084 1437 κοίτας
1107 1392 1193 1441 ἔρος
1218 1384 1249 1430 αἶ
1271 1396 1404 1440 ματαία
1426 1393 1496 1431 κτὲ.

198 1463 290 1509 quod
314 1463 415 1510 igitur
439 1462 552 1508 optimi
575 1462 724 1507 pictores
752 1460 909 1496 recerunt
931 1467 1193 1506 nonnumquam,
1215 1464 1254 1496 ut
1271 1460 1468 1497 calamitatis
1492 1461 1631 1496 alicuius
1654 1461 1711 1497 vel
1733 1457 1877 1508 periculi
1899 1462 2162 1510 magnitudinem
2188 1475 2289 1501 mon-

200 1524 348 1555 strarent
371 1520 405 1553 in
429 1518 638 1553 secundariis
666 1518 778 1562 potius
802 1517 959 1561 personis
984 1526 1083 1561 quam
1107 1526 1226 1551 eorum
1251 1517 1367 1551 oribus
1391 1517 1448 1561 qui
1472 1517 1527 1551 vel
1550 1517 1695 1551 maxime
1728 1517 1855 1552 debent
1885 1519 2045 1553 commoti
2073 1525 2173 1564 esse,
2201 1521 2291 1556 idem

197 1576 231 1610 in
255 1575 306 1611 his
330 1578 365 1610 et
387 1574 470 1609 alias
493 1573 626 1609 molitus
656 1573 790 1609 videtur
812 1571 1003 1619 Euripides.
1051 1572 1169 1608 mutati
1191 1582 1410 1608 numerorum
1434 1573 1576 1619 generis
1605 1576 1641 1608 et
1669 1573 1822 1609 eiusdem
1846 1573 1979 1610 artificii
2001 1575 2144 1611 alterum
2167 1587 2291 1612 exem-

196 1632 288 1677 plum
316 1632 383 1665 sint
409 1631 537 1664 Alcest.
567 1639 690 1664 versus
719 1628 799 1663 861.
833 1638 907 1672 sqq.
961 1638 981 1662 a
1010 1628 1138 1662 tumulo
1165 1629 1367 1663 redeuntem
1396 1628 1577 1663 Admetum
1606 1629 1744 1673 adloqui
1773 1629 1909 1665 domum
1939 1631 2068 1666 monuIt
2096 1631 2290 1668 scholiasta.

196 1698 265 1724 non
290 1687 418 1723 audere
443 1695 482 1721 se
507 1685 641 1721 domum
666 1685 793 1720 intrare
816 1684 949 1729 iamque
973 1689 1012 1720 se'
1036 1684 1237 1731 praedicare
1261 1688 1390 1720 sortem
1413 1688 1623 1720 mortuorum
1647 1685 1809 1730 prodiens
1832 1686 1913 1722 dicit
1935 1686 2086 1733 legitimo
2103 1692 2290 1734 systemate

196 1744 425 1789 anapaestico.
472 1745 567 1776 tanto
597 1737 705 1786 opere
734 1741 886 1774 continet
917 1740 1071 1774 dolorem
1098 1739 1216 1785 reg-iae
1240 1739 1413 1785 dignitatis
1436 1749 1567 1774 memor
1589 1744 1637 1774 ut·
1655 1749 1699 1774 ne
1724 1740 1860 1776 doricas
1885 1741 2021 1786 quidem
2044 1742 2171 1778 formas
2193 1744 2289 1779 reci-

195 1799 288 1844 piant
314 1798 400 1834 haec
424 1800 627 1843 systemata,
652 1795 752 1831 modo
776 1795 878 1830 liceat
903 1794 1077 1832 confidere
1100 1794 1193 1830 libris
1223 1804 1304 1831 mss.
1351 1796 1568 1842 paroemiaco
1592 1799 1705 1831 autem
1730 1796 1820 1832 sacto
1844 1798 2086 1846 subsistentem
2109 1803 2145 1834 et
2166 1810 2288 1835 revera

195 1858 409 1889 cunctantem
433 1854 569 1887 domum
591 1853 719 1886 intrare
744 1851 915 1885 adhortari
939 1854 974 1884 et
997 1850 1167 1885 consolari
1189 1854 1336 1885 conatur
1360 1850 1501 1885 chorus:

886 1902 1012 1952 πρόβα
1035 1901 1286 1952 πρόβα·βᾶ’θι
1308 1904 1451 1948 κεῦθος
1474 1902 1596 1943 οἴκων.

196 1975 258 2008 sed
283 1974 445 2018 abripitur
468 1972 701 2006 misericordia
726 1974 760 2005 et
783 1971 903 2005 dolore
926 1974 964 2004 ut
984 1970 1042 2004 vix
1065 1969 1129 2005 sibi
1151 1973 1321 2016 temperet
1344 1971 1425 2016 quin
1447 1971 1522 2016 ipse
1546 1971 1697 2017 ingemat
1719 1979 1796 2005 cum
1818 1969 1975 2007 Admeto.
2013 1971 2103 2008 hunc
2125 1973 2227 2018 enim,
2252 1979 2288 2010 ut

195 2029 242 2074 tit,
266 2031 339 2076 ipsa
364 2029 558 2065 consolacio
584 2027 743 2062 admonet
766 2026 1003 2071 querellarum.
1039 2025 1236 2072 iambelegis
1260 2030 1373 2061 autem
1396 2030 1433 2062 et
1456 2026 1573 2061 dorica
1597 2026 1742 2061 dialecto
1766 2031 1943 2073 postquam
1967 2030 2138 2064 concessit
2161 2030 2288 2066 chorus

195 2096 356 2120 summam
381 2095 460 2119 esse
484 2084 580 2129 regis
605 2083 827 2117 calamitatem

889 2135 930 2172 ui
954 2133 1090 2183 μήποτ’
1115 2134 1265 2172 stataet·
1286 2134 1412 2183 φιλίας
1434 2133 1577 2181 ἀλόχου

890 2190 1096 2240 πρόσωπον
1118 2188 1207 2227 ἄνια
1229 2189 1385 2238 λυπρόν,

193 2263 358 2298 Admetus
382 2260 528 2297 collecto
553 2255 699 2305 paullum
724 2258 836 2293 animo
859 2262 979 2293 contra
1003 2257 1228 2293 infirmitatem
1251 2267 1371 2293 senum
1402 2261 1438 2293 et
1459 2257 1712 2293 miserationem
1735 2257 1954 2305 progreditur
1977 2266 2157 2306 exponens
2179 2261 2286 2297 altero

194 2321 378 2364 systemate
408 2317 533 2361 quanto
563 2325 653 2350 nunc
681 2313 812 2349 felicior
843 2316 954 2357 esset,
979 2314 1008 2348 si
1031 2322 1212 2358 numquam
1240 2323 1385 2348 uxorem
1416 2313 1580 2348 duxisset.
1629 2312 1858 2359 antistrophici
1886 2324 2011 2349 versus
2035 2313 2187 2351 simillimi
2209 2322 2288 2353 sunt

194 2373 391 2418 strophicis3
420 2371 484 2407 sed
514 2370 685 2415 aliquanto
714 2369 835 2404 fortior
866 2369 990 2404 chorus
1022 2369 1055 2403 in
1084 2368 1152 2402 fine
1177 2368 1345 2403 sermonis
1368 2368 1492 2403 multos
1517 2368 1562 2402 ait
1582 2367 1736 2403 homines
1761 2367 1908 2403 mheros
1932 2379 2024 2404 esse.
2070 2371 2186 2416 itaque
2208 2371 2287 2407 Ad-

195 2432 304 2463 metus
327 2431 406 2474 post
429 2425 515 2461 haec
538 2429 573 2460 et
595 2428 774 2472 postquam
798 2423 924 2459 audivit
948 2434 967 2459 a
991 2423 1097 2459 choro
1121 2423 1332 2469 propositum
1355 2423 1545 2468 exemplum
1568 2423 1711 2459 hominis
1734 2423 1970 2471 gravissimam
1990 2424 2172 2471 fortunam,
2196 2429 2287 2464 unici

192 2483 248 2518 filii
270 2487 425 2526 mortem,
450 2492 561 2526 aequo
586 2482 695 2515 animo
720 2481 876 2523 ferentis,
901 2480 1015 2526 pergit
1038 2479 1161 2514 eodem
1184 2479 1286 2514 modo
1310 2479 1374 2514 sed
1398 2479 1534 2514 domum
1557 2488 1626 2513 non
1649 2479 1761 2515 intrat.

358 2546 413 2582 Ad
437 2547 564 2592 cyclios
587 2557 672 2582 vero
696 2546 854 2581 videntur
877 2546 977 2579 etiam
1000 2544 1204 2579 referendae
1229 2555 1309 2580 esse
1325 2554 1549 2589 quaecunque
1560 2544 1776 2580 inveniuntur
1792 2546 1885 2599 apud
1896 2542 2046 2595 tragicos
2058 2551 2180 2593 poetas
2191 2559 2283 2593 pen..

192 2602 348 2649 tapodiae
373 2603 624 2647 anapaesticae,
649 2606 685 2637 ut
709 2602 742 2636 in
767 2600 892 2635 Oreste
918 2598 1010 2633 1363
1033 2600 1123 2634 inter
1144 2598 1319 2634 dochmios
1340 2598 1465 2646 legitur
1486 2598 1541 2633 hic
1564 2608 1705 2635 versus:

851 2652 1042 2700 δακρύοισι
1063 2653 1133 2700 γὰρ
1154 2653 1297 2690 Ἑλλάδ’
1321 2650 1469 2690 ἅπασαν
1491 2650 1630 2702 ἔπλησε

193 2712 409 2746 catalecticus
433 2712 467 2744 in
489 2711 630 2745 brevem
655 2711 831 2757 syllabam,
861 2714 896 2745 et
918 2711 952 2744 in
975 2709 1122 2745 Hercule
1143 2709 1209 2744 fur.
1224 2708 1325 2745 101⁷.
1350 2708 1581 2745 dochmiacum
1604 2709 1781 2746 dimetrum
1798 2710 1952 2757 sequitur
1972 2711 2174 2758 pentapodia
2197 2722 2285 2749 ana-

193 2769 344 2813 paestica
369 2772 403 2803 et
428 2767 613 2813 dactylicus
634 2772 837 2804 tetrameter
862 2766 1097 2817 catalecticus:
1555 2820 1602 2856 3*
