2453 3070
1072 96 1354 144 ..u-.-

777 204 864 242 887-
893 194 1069 253 nimai,
1092 207 1176 249 παῖς
1196 203 1395 253 σικᾶσος-
1459 214 1461 217 ·

894 263 976 304 παῖς
997 260 1041 298 δι’
1066 263 1212 303 σκοτίας
1236 258 1417 311 ἀναφαίνω

868 314 1013 362 εὐνάς,
1036 316 1173 361 alaeve
1195 316 1245 354 3·
1256 313 1505 363 σ’ΜΜθΰι·

142 357 256 429 Μ
261 380 326 418 bos
360 381 466 421 enh·
481 384 574 417 tres
573 381 835 427 paroc-meos
849 390 921 417 ιοιι
949 382 1017 417 iau
1041 374 1263 419 dabitaas'k
1259 382 1339 418 deo
1350 382 1443 417 vin*
1449 380 1527 417 n‘bi:
1538 380 1674 416 inlatam
1698 388 1781 417 esse
1803 382 1975 429 ἱερεύσω
1983 383 2179 428 anapaestis
2202 383 2267 419 sibi

155 437 923 485 ipaicertunmmcouiliampmpomt.
953 439 1171 475 nondum
1200 436 2267 494 qffiffimhoewnmffiomaseriusseoessentat

159 494 254 530 diras
273 492 489 529 etcoavioia
512 492 660 529 suadem
683 502 829 540 prorsus
852 494 926 529 sola
955 494 1020 530 sibi
1044 495 1206 531 >videatur
1219 493 1318 531 esse.
1365 494 1432 529 iam
1461 496 1569 528 antea
1586 492 1824 532 damnamus
1846 492 2045 530 sot—865.
2066 494 2266 530 dicebantur

155 549 451 585 eamseoess'nse
482 548 686 585 crediderim
710 549 961 596 apaedagogo
982 553 1023 585 et
1050 551 1160 586 choro
1181 547 1325 597 propter
1343 544 1479 587 'doloris
1499 548 1770 593 vehementiam,
1794 559 1895 594 quam
1925 549 2128 596 significavit
2150 550 2264 585 verbis

158 597 351 642 obv-dou
374 600 489 648 ἄλγος
513 600 674 640 ἔπαθον,
689 603 811 650 φίλαι,
834 615 869 640 v.
892 604 1225 654 eulpaedagogns
1249 609 1286 641 et
1306 605 1484 652 ipsam-1
1505 604 1614 640 choro
1632 604 1667 640 si
1690 610 1927 651 non—prorsus
1946 605 2265 658 relinquebatsee·

161 670 242 697 na-
263 669 378 705 uaque
401 659 610 696 adversum
627 659 705 695 scre
727 659 828 705 920„
857 660 1028 697 nonnullis
1057 665 1155 698 certe
1179 661 1544 709 passffiuareeedebat
1566 671 1586 696 a
1609 660 1745 696 domina
1767 662 1924 696 sentiens
1948 671 2023 696 eam
2046 661 2136 696 velle
2159 662 2265 697 selam

157 715 315 761 relinqui.
362 718 433 752 tun
464 715 581 752 liberis
609 719 649 750 ut
671 725 735 762 par
745 719 811 751 -est
831 721 983 762 propter>
998 717 1252 754 increscentem
1278 716 1408 752 doloris
1426 716 1503 752 virim
1532 716 1726 762 anapaestis
1755 724 1922 752 accusans
1945 716 2056 751 -denm
2086 726 2127 752 se
2156 717 2263 763 ipsam

159 770 261 807 simul
275 769 576 806 commonefacere
593 771 731 807 videtur
748 771 950 807 concubitus
965 777 1083 818 partus
1100 773 1282 809 necisffilii.
1303 772 1454 817 denique
1476 772 1608 808 duobus
1632 772 1848 818 prosodiacis
1869 771 1991 818 spond.
2016 772 2113 808 catal.
2140 776 2263 808 vocam

144 825 226 863 -deo
247 824 324 862 τόν
346 827 526 866 Λατοῦς
547 822 684 871 αὐδῶ,
709 823 840 872 ὀμφὰν
863 823 908 867 ὃς
922 827 1082 876 >κληροῖς
1097 829 1283 864 -maledicta
1306 827 1464 863 cumulat.
1485 851 1487 854 -
1512 827 1736 863 differentiam
1758 828 1882 863 horum
1904 828 2088 863 liberorum
2112 833 2148 864 et
2169 828 2261 875 legi-

159 882 319 920 timorum
347 885 615 926 ampaoaorum
643 882 833 917 santientes
862 883 928 917 iam
957 884 1141 927 antiquitus
1171 884 1346 929 stropham
1376 882 1616 928 antistropham
1644 883 1792 928 epodum
1822 883 1886 918 sibi
1907 883 1971 918 visi
1986 883 2261 929 -sunt'reperire

145 937 223 973 -sed
239 940 345 972 recte
368 936 405 973 F.
429 936 471 971 V.
495 936 702 973 Fritsschiua
726 937 759 971 l..
772 937 794 973 l.
818 948 852 983 p.
879 937 933 972 ¹5.
957 938 1024 973 boc
1049 939 1194 974 smdiam
1217 938 1420 985 improbavit
1441 939 1477 973 in
1500 938 1674 984 plerisque
1696 938 1866 976 monodiis
1896 942 1932 973 et
1959 939 2102 974 commis
2123 938 2262 986 Euripi-

158 993 244 1031 ιιοιι.
292 992 387 1038 quod
401 992 514 1039 igitur
536 993 655 1028 versui
676 991 757 1028 894.
782 993 989 1039 adscriptum
1014 995 1124 1029 estin
1149 995 1269 1029 codice
1293 995 1368 1029 Par.
1395 994 1434 1029 G.
1460 991 1607 1041 στροφῇ
1629 993 1710 1028 904.
1734 991 1892 1038 ἀντιστρ.
1916 993 1997 1028 913.
2022 990 2170 1040 ἐπῳδός
2188 1004 2262 1030 ιιοιι

159 1048 307 1086 debebat
327 1048 489 1094 recipere
511 1047 555 1083 Α.
577 1047 752 1084 Nauckius
775 1049 810 1083 in
834 1048 1019 1084 editionem
1042 1040 1181 1097 signatis
1206 1049 1446 1085 omissionibus
1469 1050 1504 1085 in
1526 1050 1620 1085 initio
1645 1049 1808 1095 strophae
1831 1053 1867 1084 et
1880 1049 1915 1084 in
1933 1049 2000 1084 line
2019 1050 2259 1096 antistrophae3

147 1104 328 1144 sed‘illud
347 1108 447 1139 recte
469 1103 606 1140 videtur
628 1105 791 1140 sensisse·
806 1105 1001 1150 quicunque
1025 1106 1111 1141 haec
1135 1106 1317 1152 adscripsit
1337 1106 1417 1140 inde
1441 1116 1461 1140 a
1485 1117 1517 1141 v.
1541 1105 1622 1141 895.
1648 1105 1724 1140 fere
1748 1109 1888 1140 cantare
1912 1105 2070 1151 coepisse
2085 1105 2261 1151 Creusam,

157 1159 193 1195 id
217 1160 310 1206 quod
332 1160 390 1196 vel
412 1159 493 1196 inde
517 1160 644 1204 elucet,
669 1160 763 1206 quod
785 1160 821 1195 bi
841 1171 966 1197 versus
991 1172 1135 1208 prorsus
1159 1162 1277 1197 dorica
1302 1162 1448 1197 dialecto
1472 1163 1589 1208 scripti
1612 1165 1703 1206 sunt,
1728 1171 1804 1196 cum
1826 1162 1861 1196 ιιι
1884 1161 2043 1196 versibus
2063 1160 2259 1198 867—888.
2288 1163 2290 1166 ’

157 1215 246 1251 baec
268 1215 343 1252 sola
365 1216 546 1252 videantur
569 1217 710 1252 dorismi
732 1217 894 1266 vestigia:
918 1215 1025 1266 ψυχά
1047 1229 1080 1253 ν.
1105 1217 1187 1256 867.
1211 1222 1248 1256 et
1270 1216 1352 1257 885.
1383 1221 1418 1255 et
1440 1216 1519 1255 88¹.
1546 1213 1665 1254 α’κταν.
1698 1216 1779 1253 889.
1805 1219 1917 1251 autem
1941 1215 2088 1253 fortasse
2112 1217 2176 1253 iam
2194 1229 2257 1254 ca-

157 1272 263 1308 nendi
283 1271 410 1307 initium
434 1276 504 1308 est:

837 1320 870 1366 οἳ
890 1329 952 1372 αῖς
975 1329 1236 1378 ἑπταφθόγγου
1259 1330 1416 1376 μέλπων

808 1411 811 1413 -
838 1384 998 1432 κιθάρας
1020 1384 1168 1431 ἐνοπάν,
1195 1382 1249 1421 ἅτ’
1274 1382 1470 1432 ἀγραύλοις

839 1442 989 1487 κέρασιν
1011 1439 1053 1477 ἐν
1077 1438 1241 1488 ἀψύχοις
1256 1437 1350 1506 531⁸?

837 1497 984 1541 μουσᾶν
1006 1508 1148 1562 vmovc
1165 1493 1374 1544 εὐαχήτους.

838 1550 899 1589 σοὶ
920 1563 1090 1598 μομφαν,
1114 1565 1143 1587 ω
1168 1551 1318 1593 Λατοῦς
1340 1554 1421 1595 παῖ,

836 1603 930 1653 πρός
951 1604 1049 1642 τάνδ’
1072 1604 1185 1651 αὐγᾶν
1208 1604 1364 1642 amdam.

158 1670 316 1718 αἰθέρος
338 1672 428 1707 enim
452 1676 532 1708 ante
549 1668 695 1708 αὐδάσω
719 1672 754 1707 ιιι
778 1672 855 1708 cod.
879 1671 1077 1708 Florentino
1102 1672 1184 1718 plut.
1200 1670 1336 1708 xxm
1354 1682 1387 1706 n.
1405 1671 1439 1706 2.
1464 1670 1592 1706 circulo
1617 1671 1849 1707 circumducto
1872 1672 2050 1716 inclusum,
2075 1672 2152 1717 quia
2175 1682 2253 1707 me-

156 1731 211 1763 tro
234 1728 353 1773 obest,
376 1728 569 1765 eiciendum
597 1728 735 1764 videtur
762 1728 874 1775 potius
904 1738 1004 1773 quam
1034 1739 1112 1764 cum
1135 1726 1288 1763 Nauckio
1313 1727 1528 1764 scribendum
1552 1722 1665 1762 αὐδῶ.
1714 1725 1870 1774 αἰθέρος
1894 1728 1936 1763 ad
1959 1724 2073 1773 αὐγάν
2098 1727 2253 1762 facillime

155 1784 266 1829 patuit
288 1784 366 1820 addi
390 1795 411 1820 a
434 1784 542 1821 sciolo
566 1784 678 1830 aliquo
703 1788 739 1820 et
763 1784 1002 1830 paroemiacus
1026 1788 1105 1819 ante
1129 1794 1206 1819 eam
1230 1793 1319 1829 quae
1344 1783 1498 1828 sequitur
1512 1783 1740 1817 narrationem
1764 1784 1956 1829 aptissimus
1981 1788 2035 1819 est
2057 1784 2121 1818 nisi
2145 1782 2252 1818 fallor.

154 1839 290 1885 iamque
312 1839 481 1877 infaustae
504 1840 613 1877 borae
635 1839 831 1876 recordatio
853 1849 977 1876 versus
1000 1839 1155 1886 trepidos
1178 1838 1284 1874 tardis
1304 1839 1446 1874 vocibus
1470 1838 1637 1874 admixtos
1661 1837 1790 1874 efficitz'

835 1901 971 1950 κρόκεα
992 1903 1131 1939 πὲιαλα
1154 1900 1309 1950 φάρεσιν
1332 1899 1501 1949 ἔδρεπον,

834 1956 897 1995 ἵνα
920 1970 968 2005 με
989 1957 1112 2004 λέχεσι
1134 1957 1251 2004 μέλεα
1272 1956 1406 2004 μέλεος

157 2034 244 2070 quos
268 2025 443 2063 Seidlerus
468 2029 504 2067 et
524 2024 721 2062 Dindorfius
745 2025 788 2060 ad
810 2023 1337 2089 lpbig.Taur.130.dimetros
1361 2024 1600 2070 anapaestieos
1624 2033 1705 2059 esse
1728 2024 1950 2068 contendunt,
1973 2028 2011 2059 ut
2026 2024 2124 2059 tertia
2141 2033 2252 2069 quae-

155 2090 223 2125 que
250 2081 380 2125 brevis
396 2082 527 2128 syllaba
555 2081 766 2127 producatur
788 2085 826 2117 ut
849 2082 884 2116 in
908 2081 1208 2116 exclamationibus
1233 2080 1385 2126 saepius;
1416 2091 1449 2114 v.
1477 2079 1652 2124 Seidlerus
1683 2079 1727 2114 de
1756 2089 1867 2115 νοτες.
1898 2069 2030 2114 docbm.
2055 2090 2088 2125 p.
2111 2078 2168 2114 91.
2192 2078 2250 2114 80.

156 2145 191 2171 n.
240 2141 362 2173 contra
386 2138 468 2173 dicit
489 2136 727 2172 Lachmannus
752 2136 795 2171 de
820 2136 967 2172 choricis
992 2140 1077 2183 syst.
1102 2140 1145 2171 tr.
1169 2146 1202 2182 p.
1226 2134 1284 2171 27.
1331 2145 1401 2170 ιιοιι
1423 2134 1623 2182 negaverim
1645 2134 1738 2181 pingi
1760 2134 1929 2171 interdum
1953 2145 1973 2170 a
1989 2135 2127 2183 tragicis
2142 2134 2252 2181 poetis

151 2192 332 2230 horrorem
362 2193 532 2240 quendam
561 2192 773 2229 diaeresibas
801 2191 899 2228 factis
923 2196 1001 2238 post
1033 2192 1186 2239 singulos
1216 2192 1324 2238 pedes
1355 2201 1501 2236 eumque
1531 2192 1652 2238 augeri
1680 2200 1785 2236 posse
1815 2191 1917 2226 etiam
1940 2201 2051 2237 pauco
2072 2195 2152 2237 post
2174 2191 2250 2227 sin-

151 2248 254 2295 gulos
283 2250 392 2295 pedes
420 2249 615 2285 intermisso
644 2248 791 2284 silentio.
838 2248 914 2294 ipse
945 2248 1034 2283 enim
1058 2247 1246 2294 Sophocles
1276 2247 1454 2283 diaereses
1484 2246 1527 2282 de
1557 2246 1721 2281 industria
1753 2256 2004 2292 nonnumquam
2028 2247 2161 2282 videtur
2184 2246 2250 2283 ad-

151 2305 287 2342 misisse
315 2309 354 2342 ut
381 2305 503 2353 Oedip.
534 2304 605 2341 Col.
637 2303 740 2340 1232.
774 2300 908 2351 φόνοι,
934 2301 1089 2348 στάσεις,
1115 2300 1207 2350 ἔρις,
1231 2300 1361 2348 μάχαι,
1391 2302 1485 2375 alias.
1534 2303 1598 2338 sed
1626 2302 1718 2350 finge
1741 2302 1819 2348 tibi,
1852 2303 2018 2349 obsecro,
2048 2303 2152 2347 flores
2175 2305 2252 2341 sinu

129 2394 137 2402 ,
151 2360 286 2406 paenae
310 2362 475 2425 collectos
499 2362 549 2421 sic
573 2361 640 2396 dici
662 2360 726 2410 rel
742 2358 876 2396 cantari

675 2413 839 2466 κρόκεα
861 2417 902 2452 A
924 2413 1090 2450 πέταλα
1112 2417 1153 2451 A
1176 2411 1367 2461 φάρεσιν
1391 2417 1432 2451 A
1455 2411 1652 2462 ἔδρεπον
1674 2416 1725 2449 A.

150 2467 364 2540 quantumvis
389 2468 545 2518 diffidens
572 2481 712 2518 auribus
735 2481 823 2521 meis
845 2480 882 2518 ιιι
913 2480 1134 2532 diiudicandis
1162 2480 1406 2521 vocabulorum
1429 2489 1637 2531 graecorum
1660 2479 1774 2523 sonis,
1798 2479 1909 2515 sintne
1932 2488 2058 2516 suaves
2082 2480 2125 2516 ad
2149 2490 2251 2518 aures

150 2548 195 2574 an
218 2535 349 2585 asperi,
378 2539 446 2575 hoc
478 2542 575 2575 certe
597 2538 687 2574 male
715 2537 868 2574 videtur
881 2539 919 2587 et
940 2528 1047 2582 prave
1071 2546 1213 2574 sonare
1221 2536 1265 2573 ad
1288 2537 1437 2573 cuiusvis
1460 2536 1604 2572 hominis
1628 2545 1741 2572 aures.
1771 2546 1835 2571 ne
1859 2534 1992 2571 sublato
2016 2536 2150 2581 quidem
2173 2542 2252 2583 post

149 2604 320 2641 quemque
344 2595 469 2641 pedem
497 2594 632 2630 silentio
661 2602 857 2640 congruere
890 2602 969 2630 cum
991 2602 1098 2634 sensu
1118 2592 1240 2628 borum
1268 2602 1433 2639 versuum
1456 2592 1634 2635 diaereses
1656 2594 1905 2638 persuaserunt
1926 2591 2005 2627 mihi
2026 2591 2250 2637 Hermum,

145 2651 204 2696 qui
225 2651 422 2687 trochaicus
444 2651 480 2686 ιιι
503 2651 583 2686 edit.
601 2649 708 2697 lphig.
727 2649 828 2684 Taur.
854 2648 898 2684 ad
921 2659 954 2684 v.
981 2647 1073 2693 123„
1095 2659 1211 2694 neque
1234 2648 1359 2684 Rossb.
1383 2653 1420 2684 et
1443 2648 1601 2694 Westpb.
1617 2648 1677 2693 qui
1691 2647 1856 2684 iambicos
1878 2657 2002 2683 versus
2026 2658 2107 2683 esse
2124 2649 2248 2684 dicunt.

316 2716 386 2752 Sed
414 2725 503 2761 quos
531 2714 727 2751 Dindorflus
757 2713 935 2761 congessit
964 2713 1118 2750 eiusdem
1146 2714 1287 2761 generis
1317 2722 1462 2759 versas,
1493 2723 1614 2750 eorum
1642 2713 1770 2760 primus
1801 2712 1880 2749 mibi
1908 2712 2043 2748 videtur
2071 2712 2248 2750 adversari

142 2770 222 2808 huic
243 2773 382 2815 rationi3
404 2776 459 2807 est
481 2775 595 2807 autem
617 2770 725 2817 lphig.
751 2766 853 2806 Taur.
880 2768 979 2805 iaz:

314 2828 476 2868 ‘'in-lien„
