2453 3070
1098 124 1357 164 ..4-

172 231 342 268 nonnullis
371 233 646 267 observaverunt
668 233 704 267 F.
727 232 768 267 V.
792 232 997 268 Fritzschius
1022 232 1065 267 de
1089 243 1180 267 mon.
1205 233 1286 267 Eur.
1314 237 1351 267 et
1373 231 1562 267 Rossbach.
1590 235 1626 266 et
1650 230 1838 277 Westphal.
1864 232 1908 267 de
1932 237 2049 276 metr.,
2074 233 2164 267 idem
2187 233 2280 267 duo-

171 286 238 323 lius
263 287 431 334 exemplis
453 287 604 334 probare
628 287 794 323 conabor.
818 287 961 333 primum
985 290 1098 322 autem
1122 297 1232 333 pauca
1266 286 1376 322 dicam
1399 286 1444 322 de
1470 286 1617 322 omnium
1643 287 1939 332 anapaesticoram
1961 296 2124 323 versuum
2147 291 2281 330 natura,

173 352 262 389 quea
272 344 460 390 praecipue
478 343 629 379 excoluit
639 343 821 390 Euripides
836 347 872 379 et
883 353 974 378 novo
986 343 1088 378 modo
1102 343 1302 389 saepissime
1321 342 1480 378 adhibuit.
1496 346 1532 377 et
1550 342 1712 389 coniungi
1728 342 1795 378 hoc
1811 353 1955 379 numero
1973 344 2117 390 egregie
2133 344 2283 388 quietem

173 399 343 446 quandam
371 399 473 434 animi
503 409 582 435 cum
612 400 769 446 corporis
798 403 892 434 motu
922 403 958 434 et
990 399 1124 435 actione
1156 399 1314 445 quoniam
1342 398 1482 446 generis
1512 399 1604 444 paris
1634 403 1689 434 est
1718 403 1755 434 et
1782 399 1871 435 thesi
1895 400 1981 436 arsis
2005 399 2169 450 subicitur
2191 399 2282 434 bene

173 458 381 492 monuerunt
402 454 559 492 homines
576 455 688 500 docti3
712 459 751 491 ut
771 455 874 502 igitur
896 455 1055 491 inventus
1080 455 1261 491 videbatur
1289 459 1324 490 et
1352 458 1455 491 natus
1477 454 1520 490 ad
1548 455 1777 491 moderandos
1806 456 1936 503 gradus
1969 466 2088 492 eorum
2119 455 2177 501 qui
2204 464 2281 491 cum
2326 482 2328 484 .

174 511 336 557 precibus
360 511 575 548 accedebant
597 509 807 558 adpinum
823 512 861 546 et
885 511 928 546 ad
946 518 1040 546 mm
1060 512 1114 547 aie
1138 512 1172 546 in
1186 510 1311 547 fabulis
1326 512 1535 558 &agitem
1550 514 1736 558 poetarum
1747 512 1874 558 optime
1888 513 2110 548 adhibebatur
2132 522 2153 546 a
2176 511 2283 546 choro

176 567 212 603 in
236 566 451 603 orchestram
474 568 668 614 prodeunte
692 571 729 603 et
752 571 871 602 actore
900 566 1013 612 aliquo
1042 567 1077 602 in
1107 577 1247 603 scenam
1277 567 1469 613 prodeunte
1494 566 1551 602 vel
1580 566 1730 603 abeunte
1763 572 1799 603 et
1821 568 2015 614 ubicunque
2039 568 2200 610 transitus
2224 566 2282 601 fa-

174 623 319 658 ciendus
347 627 425 658 erat
456 634 475 658 a
499 624 632 658 cantico
657 623 700 657 ad
724 624 897 657 trimetros
927 626 964 656 et
987 632 1064 656 cum
1088 622 1163 657 linis
1193 622 1431 668 imponebatur
1454 622 1589 657 fabulae
1613 633 1691 657 cum
1716 625 1886 659 sententia
1910 625 2022 669 aliqua
2052 624 2214 670 graviore
2245 626 2282 657 et

176 687 255 714 cum
286 678 412 724 quiete.
442 678 521 714 hinc
551 678 593 713 ab
617 678 790 714 actoribus
813 678 896 724 ipsis
915 677 1017 712 etiam
1035 677 1217 713 adhibitum
1233 678 1298 713 iam
1315 677 1507 723 Aeschylus
1523 677 1612 712 hunc
1630 688 1809 713 numerum
1828 689 1892 725 pro
1909 679 2045 726 duplici,
2066 688 2166 724 quam
2187 677 2282 713 dixi-

175 743 265 779 mus,
287 738 410 769 natura
433 735 610 781 usurpavit
633 735 734 769 etiam
758 745 836 769 cum
859 737 991 768 stantes
1015 734 1242 778 loquebantur
1266 744 1342 769 cum
1365 734 1499 780 tragico
1523 734 1635 779 aliquo
1659 737 1794 769 tumore
1819 739 1855 769 et
1876 736 1934 780 qui
1951 735 2139 770 excederet
2157 734 2280 768 trime-

176 792 310 826 troram
333 790 588 836 simplicitatem.
612 790 663 826 sic
685 790 782 825 l’ers.
806 801 839 825 v.
864 788 936 824 906
959 799 1035 834 sqq.
1076 789 1212 825 Xerxes
1236 789 1349 835 prodit
1371 789 1522 825 recitans
1545 788 1728 836 legitimum
1752 793 1903 836 systema
1928 791 2193 837 anapaesticum‚
2216 798 2279 824 re·—

177 845 328 891 apo-det
349 845 477 880 chorus
507 845 642 879 obviam
670 846 748 891 regi
777 845 927 879 sortasse
956 845 1118 890 gradiens
1148 846 1272 880 eodem
1300 855 1446 879 numero
1475 845 1540 879 nisi
1569 845 1661 889 quod
1690 856 1881 890 suspensus
1912 848 2024 881 animo
2054 851 2090 880 et
2119 845 2281 880 solacium

176 904 387 947 exspect-s
410 900 514 936 fiuem
534 910 604 936 non
631 900 714 936 facit
741 899 972 946 paroemiaco.
1003 903 1038 935 et
1071 900 1106 935 in
1130 900 1182 936 his
1206 901 1354 947 primumv
1373 900 1471 945 quasi
1494 900 1622 935 initium
1649 901 1779 936 invenit
1807 905 1912 947 poeta
1939 902 2174 948 paroemiacos
2198 900 2282 935 alias

178 956 280 992 etiam
303 966 403 1001 quam
426 957 462 991 in
485 957 553 992 fine
577 957 770 1002 systematis
801 960 836 991 et
859 956 1050 991 sententiae
1074 956 1235 1002 ponendi.
1266 965 1362 1000 nam,
1393 966 1494 1001 quem
1523 956 1721 992 desiderant
1750 967 1873 1003 aures,
1903 958 2030 993 exitum
2059 958 2151 993 addit
2174 956 2280 991 altera

176 1021 327 1058 persona
350 1023 428 1048 cum
455 1013 697 1059 desperatione
722 1016 757 1047 et
780 1011 890 1047 fracto
915 1012 1041 1047 animo:
1067 1008 1125 1047 ὅδ’
1150 1009 1220 1056 ἐγώ
1246 1011 1326 1047 οἲοῖ
1340 1009 1500 1055 αῖακτός,
1526 1016 1561 1047 et
1578 1022 1667 1057 quae
1691 1022 1832 1048 suorum
1854 1014 1929 1059 ipsa
1951 1014 2137 1049 verborum
2159 1013 2281 1054 iustum

176 1067 279 1105 aaa-u
302 1076 372 1105 nan
393 1069 535 1107 habeat:
569 1072 607 1105 ut
634 1069 747 1116 posito
770 1068 805 1104 in
825 1068 924 1104 initio
948 1069 1113 1104 erationis
1144 1079 1281 1116 semper
1304 1068 1523 1115 paroemiaco
1552 1069 1635 1104 mira
1665 1079 1724 1105 res
1756 1071 1905 1106 eveniat·
1924 1080 2004 1106 esse
2034 1071 2108 1107 sine
2138 1068 2280 1104 catalexi

176 1125 365 1170 systemata
386 1133 454 1160 nec
478 1126 553 1160 sine
578 1125 733 1160 catalexi.
763 1125 874 1159 redeo
898 1124 996 1159 illuc:
1026 1134 1150 1159 versus
1178 1125 1256 1158 inde
1284 1135 1303 1158 a
1326 1124 1406 1158 931.
1435 1135 1505 1159 non
1538 1125 1697 1159 videntur
1728 1126 1770 1159 ab
1803 1131 1907 1160 eunte
1939 1127 2056 1160 Xerxe
2080 1125 2216 1159 recitari
2245 1128 2281 1158 et

177 1180 253 1216 dne
276 1180 381 1216 dubio
402 1180 544 1228 legitimi
567 1180 746 1226 anapaesti
771 1189 791 1215 a
813 1179 1018 1216 Prometheo
1041 1179 1183 1215 vinculis
1211 1179 1254 1215 ad
1279 1188 1398 1215 saxum
1422 1179 1527 1226 ligato
1542 1180 1626 1215 -sine
1650 1184 1744 1216 motu
1768 1181 1924 1226 corporis
1947 1182 2146 1225 recitantur,
2170 1180 2280 1214 Prom.

178 1246 212 1271 v.
235 1234 414 1281 88-100,
440 1235 603 1272 120-27
626 1240 664 1271 et
685 1236 721 1271 in
744 1235 821 1270 fine·
837 1235 983 1271 fabulae.
1008 1239 1193 1281 systemata
1217 1235 1363 1270 choi-icis
1387 1236 1526 1270 canticis
1550 1236 1750 1281 interposita
1772 1241 1891 1272 utrum.
1902 1237 1969 1272 hoc
1984 1237 2063 1272 loco
2079 1234 2280 1271 nominanda

175 1291 258 1337 n‘nt,
278 1301 326 1328 an
346 1293 509 1328 couiitata
540 1292 608 1328 sint
631 1301 713 1336 eos,
737 1292 795 1337 qui
819 1295 897 1338 post
920 1284 1134 1327 saltationem
1157 1292 1191 1326 in
1222 1300 1305 1327 suos
1332 1291 1430 1327 locos
1459 1291 1632 1336 redirent,
1660 1303 1779 1338 parum
1810 1293 1926 1338 liquet.
1963 1293 2054 1338 quod
2082 1293 2185 1340 igitur
2214 1291 2280 1326 dixi

177 1348 341 1394 coniungi
368 1348 436 1383 hoc
465 1357 610 1383 numero
641 1348 753 1382 animi-
771 1348 922 1392 quietem
957 1357 1035 1382 cum
1071 1347 1229 1392 corporis
1264 1347 1397 1383 actione
1431 1358 1509 1384 cum
1544 1348 1826 1391 sic-›bimutatum
1856 1353 1952 1383 esset
1981 1353 2018 1384 ut
2043 1344 2147 1383 animi
2177 1346 2279 1382 modo

177 1407 306 1439 motum
329 1403 500 1449 quendam
523 1403 744 1450 significaret,
768 1403 818 1438 sic
842 1402 1026 1449 Dionysius
1041 1402 1155 1438 Balio.
1181 1402 1224 1438 de
1249 1413 1361 1449 comp.
1384 1403 1485 1439 verb.
1510 1414 1540 1440 c.
1572 1402 1616 1438 17
1643 1401 1774 1445 πάθος
1805 1404 1983 1450 praedicat
2006 1407 2279 1450 anapaestorum,

176 1460 300 1494 mutari
327 1460 429 1495 etiam
458 1470 583 1495 versus
613 1460 728 1504 coepti
756 1463 851 1494 sunt:
882 1459 1023 1504 neglegi
1053 1468 1199 1493 caesura
1232 1463 1267 1493 et
1301 1459 1485 1502 diaeresis,
1515 1460 1721 1504 paroemiaci
1745 1461 1882 1505 saepius
1907 1461 2007 1505 poni,
2032 1461 2187 1504 quoniam
2208 1469 2294 1506 non'

176 1513 338 1550 wuda
361 1518 438 1550 erat
460 1514 628 1562 graduum
651 1514 855 1550 continuitas
878 1523 948 1549 non
970 1517 1071 1559 rupta
1099 1513 1154 1547 illa
1184 1514 1219 1549 in
1242 1513 1399 1561 legitimis
1423 1514 1618 1560 systematis
1642 1515 1709 1550 nisi
1731 1525 1808 1550 cum
1832 1515 2039 1550 subsistebat
2062 1524 2223 1561 persona,
2245 1514 2278 1548 id

172 1571 273 1615 quod
294 1571 389 1607 hiatu
412 1575 449 1606 et
471 1571 609 1616 ancipiti
632 1570 761 1616 syliaba
786 1575 822 1605 et
844 1573 1058 1605 monometro
1082 1570 1311 1613 indicabatur,
1336 1570 1368 1604 h.
1394 1581 1425 1604 e.
1450 1570 1583 1605 silentio
1607 1570 1720 1615 aliquo
1744 1571 1950 1606 intermisso.
1977 1572 2020 1606 de
2045 1572 2178 1616 ancipiti
2202 1570 2277 1616 syl-

177 1621 255 1661 laba
278 1629 315 1661 et
338 1625 383 1661 de
406 1626 498 1661 hiatu
521 1626 682 1661 viderunt
706 1626 781 1660 Car.
805 1625 1040 1660 Lachmannus
1064 1628 1106 1659 tr.
1130 1635 1182 1671 gr.
1207 1629 1291 1670 syst.
1317 1635 1349 1671 p.
1360 1624 1407 1659 27
1430 1624 1471 1659 Ο.
1496 1625 1649 1666 Mueller.
1674 1626 1707 1660 in
1732 1636 1809 1671 app.
1836 1626 1879 1660 ad
1905 1627 1959 1660 ed.
1976 1626 2072 1661 Eum.
2097 1637 2129 1672 p.
2142 1625 2200 1660 30.
2224 1626 2276 1660 si-

180 1681 260 1718 mile
283 1683 502 1718 statuendum
525 1682 604 1717 mihi
625 1682 761 1718 videtur
785 1681 828 1717 de
852 1681 1090 1724 monometris;
1115 1691 1192 1716 nam
1221 1692 1299 1716 cum
1329 1685 1552 1728 exspectetur
1582 1682 1737 1726 dimeter,
1762 1686 1841 1728 post
1870 1687 2116 1718 monometrum
2139 1691 2278 1728 pausam

177 1736 254 1772 fieri
276 1742 546 1773 consentaneum
569 1741 636 1781 est,
660 1747 772 1782 eaque
797 1738 923 1782 optime
947 1736 1051 1771 fiebat
1073 1736 1301 1771 antecedente
1313 1741 1372 1771 aut
1394 1741 1563 1782 sequente
1579 1738 1740 1782 primario
1764 1736 1876 1782 aliquo
1890 1738 2010 1772 verbo.
2038 1738 2277 1783 paroemiacus

177 1792 281 1830 finem
311 1794 521 1841 sigufficabat
556 1794 660 1829 eundi
695 1797 733 1829 ut
761 1802 825 1839 pes
863 1792 906 1828 ad
935 1792 1060 1838 pedem
1090 1791 1330 1828 attraheretur.
1361 1800 1438 1828 nam
1467 1792 1602 1839 dipodia
1631 1793 1717 1829 duos
1742 1793 1870 1840 gradus
1900 1794 1957 1829 vel
1980 1794 2158 1840 utriusque
2181 1793 2278 1840 pedis

176 1850 384 1896 positionem
406 1850 592 1897 significari
614 1860 692 1884 cum
716 1849 873 1884 docuerit
895 1848 1089 1883 Boeckhius
1112 1849 1147 1883 in
1172 1848 1228 1883 ed.
1251 1847 1447 1895 Antigonae
1471 1849 1533 1890 (cs.
1550 1849 1673 1885 Rossb.
1694 1853 1729 1884 et
1744 1848 1900 1895 Westph.
1919 1850 1962 1884 de
1978 1853 2108 1894 metr.)‚
2130 1859 2196 1885 nec
2220 1854 2278 1885 te—

178 1915 277 1941 mere
300 1906 480 1952 ancipitem
504 1905 667 1952 syllabam
691 1908 726 1940 et
749 1904 875 1939 hiatum
903 1903 1071 1939 admissos
1102 1914 1182 1939 esse
1213 1914 1291 1939 cum
1315 1904 1624 1940 demonstraverint
1651 1904 1825 1940 Bentleius
1855 1909 1889 1939 et
1912 1905 2166 1950 Lachmannus,
2195 1905 2286 1941 haec·

178 1962 450 2008 probabilitatem
462 1956 630 2007 quandam
640 1961 799 1997 videntur
810 1960 951 1995 habere.
970 1964 1130 1996 constare
1147 1964 1259 1996 autem
1271 1960 1421 2007 legitima
1433 1962 1650 2007 anapaestica
1662 1965 1847 2007 systemata
1859 1972 1903 1996 ex
1915 1962 2064 1997 dimetris
2076 1972 2188 2007 neque
2200 1971 2279 1998 esse

174 2018 336 2064 figulos
364 2028 487 2053 versus
514 2018 725 2063 compositos
747 2027 792 2051 ex
814 2016 926 2051 multis
950 2016 1112 2061 dipodiis,
1138 2015 1228 2050 effici
1256 2015 1335 2050 mihi
1359 2016 1496 2051 videtur
1526 2027 1602 2052 cum
1626 2017 1872 2063 glyconeorum
1896 2017 2167 2052 dochmiacorum
2190 2018 2279 2053 alio-

176 2082 259 2109 rum·
282 2077 504 2120 systematum
526 2073 786 2119 comparatione
811 2075 882 2107 tum
903 2071 997 2117 quod
1020 2075 1157 2107 constat
1181 2081 1262 2107 esse
1286 2072 1321 2106 in
1344 2071 1412 2106 fine
1437 2072 1604 2108 divnetrna
1627 2072 1857 2108 catalecticos.
1883 2073 1917 2113 si,
1936 2076 1990 2107 est
2013 2072 2178 2109 diaeresis
2202 2077 2280 2109 ante

176 2130 432 2175 poeoeniiacum
451 2140 569 2174 neque
592 2138 716 2164 versus
733 2128 819 2172 linis,
844 2127 970 2162 afferas
994 2128 1072 2163 milii
1102 2137 1232 2172 quaeso
1263 2137 1439 2163 caesurae
1467 2128 1675 2174 exemplum,
1705 2139 1793 2173 quae
1822 2129 1856 2163 in
1886 2128 2037 2164 dimetris
2066 2130 2149 2164 satis
2177 2129 2279 2165 multa

178 2186 360 2233 congessit
393 2184 576 2228 (Ἀβία-(1.1
603 2185 656 2220 ad
670 2184 778 2230 Heph.
823 2193 893 2219 uno
918 2183 1045 2219 Comici
1068 2183 1147 2219 loco
1170 2193 1268 2229 vesp.
1298 2195 1331 2219 v.
1356 2182 1438 2218 ⁷53.
1463 2184 1519 2229 qui
1548 2187 1618 2220 tres
1643 2185 1823 2220 continuas
1852 2184 2006 2230 dipodias
2036 2185 2171 2221 exhibet
2201 2185 2280 2221 nihil

177 2241 321 2289 probari
340 2243 408 2277 iam
432 2240 516 2277 &xit
539 2240 578 2277 G.
602 2240 827 2276 [lemannus.
859 2243 935 2275 orta
958 2240 1034 2275 sine
1060 2239 1163 2275 dubio
1188 2244 1243 2275 est
1266 2240 1375 2275 omnis
1399 2239 1486 2275 haec
1512 2240 1711 2287 disceptatio
1736 2245 1880 2287 propter
1903 2245 2145 2277 momometros
2167 2242 2280 2277 inter-

177 2299 322 2387 positos,
347 2299 395 2334 de
416 2298 539 2343 quibus
557 2297 659 2332 modo
683 2297 936 2342 explicavimus.

345 2353 546 2400 Exemplum
565 2356 837 2433 anapaestormn
873 2362 944 2387 non
972 2361 1117 2398 prorsus
1154 2351 1340 2387 liberomm
1374 2352 1438 2387 sed
1467 2351 1539 2387 fere
1575 2352 1803 2399 legitimorum
1838 2355 1893 2387 est
1928 2352 2054 2387 initium
2084 2353 2280 2401 iphigeniae

345 2463 615 2512 Agamemnonis
642 2463 743 2499 animi
773 2428 965 2499 sollieitudo
993 2460 1150 2509 egregie
1171 2462 1261 2507 picta
1292 2466 1346 2497 est
1380 2463 1629 2507 quodammodo
1666 2463 1707 2498 ab
1743 2463 1907 2508 Euripide
1937 2463 2080 2508 primum
2109 2469 2279 2510 tempore:

177 2528 257 2557 nan
276 2516 401 2558 §adem
421 2528 492 2565 qua
514 2519 652 2564 scripsit
670 2519 791 2554 literas
814 2522 918 2554 nocte
942 2527 1063 2554 senem
1084 2517 1185 2552 mittit
1206 2516 1335 2564 Argos.
1359 2521 1430 2553 tum
1453 2518 1545 2563 quod
1571 2528 1647 2553 cum
1671 2528 1756 2553 sene
1781 2518 2033 2563 colloquentem
2057 2518 2155 2564 facit,
2185 2521 2281 2556 cuius

176 2575 390 2622 sfiplieitate
413 2579 449 2611 et
469 2575 585 2619 quiete
608 2575 710 2609 animi
734 2575 858 2620 optime
883 2574 997 2608 elucet
1016 2573 1124 2621 regis
1130 2573 1297 2617 anxietas,
1321 2584 1399 2608 cum
1422 2574 1619 2618 mendaciis,
1644 2574 1765 2619 quibus
1790 2574 1947 2620 effugere
1972 2579 2116 2610 conatur
2139 2576 2281 2612 deorum

174 2630 402 2682 voluntatem,
425 2630 536 2676 ipsum
559 2639 599 2665 se
623 2629 700 2664 fere
723 2629 860 2664 vinciat.
892 2629 1040 2674 denique
1065 2631 1187 2663 metro.
1218 2638 1297 2663 nam
1326 2632 1364 2664 ut
1393 2633 1448 2664 est
1476 2639 1568 2664 nunc
1598 2633 1749 2664 maestus
1782 2631 1817 2664 et
1845 2629 2121 2675 meditabundus,
2151 2641 2282 2667 memor

175 2695 269 2723 nunc
290 2686 469 2728 celeritate
491 2695 579 2731 opus
602 2695 684 2721 esse
708 2678 847 2730 oditque
870 2686 923 2720 rei
945 2683 1114 2720 infaustae
1146 2685 1415 2732 expositionem,
1445 2685 1492 2720 ita
1523 2696 1615 2721 nunc
1643 2685 1883 2731 paroemiacis
1898 2684 2047 2730 loquitur
2076 2687 2283 2733 spondiacis,

175 2742 403 2790 anapaesticis
432 2751 524 2778 nunc
555 2739 705 2777 dimetris
735 2739 883 2777 adhibito
914 2739 1063 2788 dactylo.
1076 2734 1314 2805 paroemiam
1343 2749 1415 2777 non
1430 2740 1634 2787 spondiaco
1664 2740 1855 2777 orationem
1885 2744 2006 2787 quater
2035 2740 2122 2787 finit5
2154 2753 2187 2779 v.
2213 2741 2282 2788 11.,

176 2798 250 2844 27.,
271 2803 343 2835 tum
366 2802 404 2834 ut
426 2796 594 2844 epistulae
617 2796 693 2833 finis
717 2796 928 2843 significetur
948 2796 1049 2842 isque
1073 2796 1108 2833 vi
1130 2794 1209 2834 tere
1231 2795 1343 2834 sachis
1366 2782 1515 2833 admisso
1535 2797 1676 2843 dactylo
1698 2801 1780 2833 ante
1803 2802 2038 2843 anapaestum,
